3930 6300
74 296 1690 364 ω

118 369 132 424 x
638 455 740 519 ssito
763 453 922 518 bobttito
942 453 1102 518 NosTuo
1200 400 1207 412 Ι

503 655 1017 786 BENEDICTO
1052 661 1235 808 XIV,

583 936 883 1023 Poummct
919 937 1171 1021 msxluo

365 1143 546 1198 venantius
562 1143 770 1198 uoutuutuus
787 1142 979 1196 umutotuts
995 1144 1147 1197 ROMANUS
1163 1145 1386 1200 teutmundus.

107 1321 170 1388 Quod
178 1319 316 1390 sumptibus
329 1319 393 1373 meis
408 1318 495 1388 prodit
504 1315 833 1380 blissuleliosarubicum,
847 1317 943 1370 nemini
956 1316 1123 1387 potiusquam
1132 1315 1273 1372 Sanctituti
1286 1324 1337 1372 tun
1348 1317 1552 1370 consecrandum
1563 1317 1631 1388 suitq
1646 1331 1695 1370 ne·

78 1430 116 1484 que
124 1417 182 1466 min
194 1410 285 1480 mojori
298 1409 379 1464 tutelo
398 1407 462 1463 liber
480 1408 581 1479 proteqi
608 1423 688 1478 noque
702 1407 820 1478 diquiore
840 1408 943 1461 nomine
955 1407 1075 1478 insiqniri
1100 1415 1200 1476 potest,
1213 1423 1290 1479 quam
1301 1405 1434 1462 Benedicti
1449 1405 1491 1465 itt
1500 1406 1537 1473 V,
1553 1407 1696 1464 doctissimi

80 1503 210 1574 mosinuque
227 1501 379 1572 pontificis,
406 1500 462 1570 ejus
484 1499 582 1554 scilicet
606 1515 700 1570 mons,
730 1497 890 1552 nobilissimo
923 1501 951 1552 in
977 1498 1053 1554 domo
1084 1507 1160 1570 utque
1183 1500 1210 1553 in
1234 1498 1448 1569 splendidissimo
1467 1500 1571 1554 sinitote
1594 1505 1694 1560 natum,

78 1596 128 1660 sits,
141 1612 192 1648 cum
205 1596 335 1664 proecloro
355 1593 478 1648 uirtutum
493 1593 565 1664 sunta
575 1591 602 1646 in
622 1591 725 1654 littoris,
742 1599 767 1644 et
788 1592 814 1644 in
824 1590 998 1652 sollicitudine
1021 1591 1147 1662 postorali
1161 1600 1233 1656 ecto,
1255 1607 1301 1661 per
1323 1591 1498 1662 amplissimos
1517 1606 1651 1658 munerum
1671 1599 1699 1646 et

80 1687 286 1742 ecelesiasticorum
304 1685 432 1740 bonorum
455 1685 562 1755 prasius,
585 1683 620 1738 ed
644 1681 768 1738 Ecclesiae
789 1684 963 1753 principatum
981 1685 1076 1739 caecil.
1099 1683 1134 1738 iit
1156 1687 1271 1756 quamuis
1297 1686 1394 1743 nemini
1417 1686 1535 1756 iqnotnm
1560 1685 1594 1740 sit
1616 1683 1698 1738 battus

80 1797 217 1852 quoscunque
228 1789 315 1844 arus,
330 1787 471 1850 cunctaque
481 1778 650 1834 laudabilium
660 1780 828 1833 scientiarum
840 1794 936 1848 qenero
958 1777 1130 1833 Surtctitotens
1154 1788 1225 1832 tuum
1244 1777 1377 1848 complecti
1397 1785 1473 1850 utque
1491 1779 1586 1848 lasere,
1599 1778 1700 1848 ipsusn-

25 1923 29 1934 ,
82 1879 161 1938 quote,
179 1871 279 1926 statiis
295 1870 413 1940 exemplo
424 1871 477 1934 sis,
491 1869 518 1924 in
533 1868 657 1924 maximis
681 1868 831 1938 reipublice
854 1869 1005 1923 cbristinnte
1028 1869 1156 1940 neqotiis,
1179 1868 1320 1925 litterarius
1345 1879 1401 1924 tuos
1424 1871 1606 1938 occupationes
1629 1885 1699 1924 nun·

13 1979 14 1986 ¹
82 1981 142 2034 pum
161 1963 344 2029 intermittere,·
365 1971 451 2016 tumen
471 1969 579 2031 apparet
598 1969 644 2014 tue
664 1959 784 2033 quiedam
804 1959 943 2029 peculioris
960 1974 1040 2025 cura,
1066 1975 1124 2030 quot
1143 1961 1213 2012 circu
1236 1975 1276 2014 res
1297 1960 1432 2030 liturqicus
1454 1968 1588 2027 uersatur,
1607 1958 1700 2031 quibus

83 2054 205 2109 monadis
217 2056 244 2108 in
260 2053 362 2122 polutio
381 2051 515 2122 pontificio
529 2047 689 2104 academiam
708 2049 863 2114 instituisti,
882 2049 965 2120 iisque
986 2048 1087 2119 publice
1106 2049 1242 2104 tradendis
1252 2049 1356 2105 scboios
1366 2052 1393 2106 in
1410 2049 1480 2106 Urbe
1492 2067 1551 2111 essa
1572 2051 1700 2118 uoluisti,

83 2143 163 2212 etipse
183 2159 244 2213 opus
260 2144 365 2214 insiqns
387 2139 556 2210 composuisti
562 2157 572 2207 ,·
595 2156 646 2211 quo
671 2140 836 2194 eucbaristici
859 2139 985 2210 sacrificii
1004 2141 1070 2195 ritus
1092 2157 1199 2208 omnes,
1223 2157 1374 2214 omnemque
1395 2143 1581 2206 ossorrorniurn,
1602 2157 1699 2212 moqrtn

83 2241 186 2296 doctriua
197 2257 279 2296 sacroe
290 2241 384 2311 sopio,
398 2237 480 2292 tribus
497 2237 571 2292 libris
590 2235 702 2292 dilucide
718 2235 866 2309 eruditeque
878 2236 1023 2308 explicasti.
1036 2234 1102 2291 bime
1121 2237 1200 2303 milti,
1227 2235 1381 2292 Rectissime
1396 2235 1491 2304 Pater,
1516 2253 1587 2307 spem
1610 2238 1698 2291 moui-

83 2349 115 2388 me
124 2335 226 2404 {cresunt
238 2341 367 2388 resultem
381 2333 449 2386 irunc
471 2329 589 2386 ilissolis
602 2327 764 2384 ilounrabici
776 2328 914 2384 editionem
933 2345 949 2382 a
964 2326 1110 2384 Sanctitate
1131 2335 1176 2381 tua
1191 2336 1314 2382 consueto
1337 2327 1474 2383 clementio
1489 2338 1513 2382 ct
1537 2330 1696 2402 beniqnitate

83 2439 205 2496 susceptum
217 2429 261 2482 iri.
278 2424 305 2480 N
308 2443 352 2479 arn
367 2441 423 2479 cum
437 2423 501 2480 liber
515 2423 579 2477 odeo
595 2437 670 2477 rurus
683 2422 820 2488 euasisset,
839 2430 869 2474 ut
887 2437 956 2492 seqre
979 2437 1025 2475 nec
1045 2419 1096 2475 nisi
1120 2421 1214 2494 prandi
1234 2422 1343 2490 pecuniu
1365 2423 1514 2492 comparari
1537 2423 1596 2493 jorn
1611 2433 1699 2494 posset

83 2517 205 2588 discipline
217 2517 348 2588 litsrqirsr
362 2515 523 2570 commodum
537 2521 613 2584 atque
625 2511 725 2565 utilitas
738 2511 860 2582 lluqitarb
879 2507 1032 2564 uidebantur
1050 2518 1079 2564 ut
1092 2511 1173 2581 proclo
1195 2527 1287 2567 rursus
1308 2513 1526 2582 committeretur,
1539 2531 1573 2569 ne
1585 2515 1699 2570 oculer-

13 2675 14 2678 Ἴ
83 2611 189 2662 rimorum
199 2607 379 2662 Ecclesiarum
390 2605 482 2659 uetusti
496 2604 562 2658 ritus
574 2618 606 2656 nc
617 2603 778 2658 ceremoniae
789 2603 816 2656 in
829 2601 976 2672 principum
989 2611 1014 2655 et
1033 2613 1241 2674 sumptuosarum
1265 2605 1398 2660 bonrinum
1418 2603 1593 2671 bibliothecis,
1610 2625 1704 2678 prope·

13 2733 14 2736 =
84 2701 170 2756 undum
181 2701 294 2773 iqrotoe,
309 2697 408 2752 diutius
422 2693 608 2750 delitescerent.
626 2691 664 2746 Tu
678 2707 757 2758 uero,
771 2689 918 2746 beatissime
927 2690 1019 2758 Pater,
1035 2709 1083 2765 pro
1098 2691 1224 2765 sinqulari
1234 2709 1284 2767 quo
1297 2695 1380 2764 polles
1390 2709 1481 2748 eorum
1495 2711 1581 2751 rerum
1594 2699 1703 2766 riotitia,

13 2835 14 2838 ,
83 2791 140 2844 illico
150 2791 284 2862 perspicies
294 2789 413 2844 ordinem
427 2787 466 2840 rei
481 2785 574 2840 diuinos
595 2782 726 2855 socienda·
746 2798 820 2855 ment
833 2781 943 2840 iiissole
966 2783 1164 2840 biocurabicum
1185 2787 1286 2842 exbibet
1301 2786 1373 2846 abeo
1396 2792 1437 2846 cui
1459 2791 1544 2846 Greci
1559 2801 1584 2847 et
1607 2791 1704 2848 ilrien·

13 2895 14 2936 t
84 2882 136 2935 ntes
148 2889 308 2935 mmeoerust
322 2878 450 2933 diuersum
462 2892 529 2938 esse:
550 2875 721 2930 Ambrosiuno
738 2889 836 2946 quoque
852 2869 963 2942 Ordini,
977 2883 1003 2930 et
1016 2876 1041 2930 ei
1055 2893 1104 2949 quo
1115 2876 1236 2932 liomona
1254 2881 1335 2934 utitur
1348 2879 1485 2949 Ecclesia,
1500 2884 1528 2938 in
1542 2884 1632 2939 multis
1650 2886 1704 2941 dis·

13 2971 14 2988 ³
84 2970 186 3024 ciuilem
200 2968 278 3024 llunc
291 2969 524 3041 quoqnecontinno
546 2963 736 3021 animaduertes
758 2981 815 3018 canc
837 2981 894 3022 esse
918 2965 1051 3035 li'urqium
1074 2983 1151 3039 marn
1171 2968 1306 3025 catlrolicoe
1328 2970 1518 3043 llisponiorum
1541 2975 1667 3032 Ecclesia
1686 2995 1704 3032 n

13 3049 14 3075 ³
84 3075 184 3129 suuepts
196 3064 247 3132 pide
262 3061 413 3118 Cirristiana
422 3059 457 3114 ad
468 3058 649 3130 pontificatum
662 3055 798 3127 fortissimi
812 3057 1020 3128 sanctissimique
1033 3057 1083 3112 oiri
1105 3057 1226 3131 Greqorii
1249 3063 1351 3132 septimi
1368 3073 1517 3118 constanter
1532 3067 1704 3131 retinueram,

13 3149 14 3152 ’
83 3171 148 3222 quun
170 3154 278 3210 ronmiio
304 3151 427 3223 ilispono
452 3149 570 3221 plurimis
595 3147 704 3203 decretis
730 3148 921 3218 confirmarunt
944 3157 969 3203 et
993 3165 1072 3219 quum
1095 3163 1198 3208 sanctus
1223 3151 1342 3210 isidorus
1369 3155 1524 3213 doctissimis
1547 3169 1701 3217 mentis

13 3289 14 3298 ,
85 3241 732 3318 ϋῑιιιτιυῑιςεαιηφιιεωιὶωάφτιὴιηάιερήιεω
754 3239 931 3296 Ecclesiomm
952 3240 1048 3297 Gallice
1071 3244 1240 3315 sacrificandi·
1261 3246 1380 3302 melbodo
1401 3248 1466 3304 aleo
1486 3249 1603 3320 optinere,
1626 3262 1705 3314 atque

85 3343 178 3396 ursiton
190 3359 261 3407 esse,
277 3349 305 3394 ut
316 3321 459 3409 nudatque
470 3335 559 3392 cadem
583 3345 695 3409 utraque
718 3337 769 3391 dici
792 3335 931 3410 imberique
947 3338 1039 3409 possit.
1068 3335 1130 3392 ii'on
1155 3337 1243 3404 euim,
1268 3358 1292 3410 q:
1304 3340 1423 3413 odonlqo
1443 3344 1575 3412 truditur,
1596 3345 1705 3415 acutique

85 3435 124 3488 ills
143 3435 271 3491 Gallorum
283 3431 389 3503 liturqin
403 3437 448 3484 aut
463 3428 495 3484 ab
511 3427 633 3500 liispanu
647 3427 835 3494 dissentiebat,
861 3435 907 3482 out
925 3429 1081 3500 exemplaris
1103 3431 1206 3496 instar,
1230 3429 1344 3503 iiturqiee
1368 3431 1497 3504 llispancu
1517 3435 1707 3508 quodammodo

84 3526 185 3594 proisit,
197 3524 241 3578 ssd
254 3521 323 3578 idern
333 3519 425 3576 modus
439 3527 514 3588 utque
524 3517 589 3574 ordo
603 3519 727 3589 mysteria
738 3517 826 3573 diuino
836 3527 860 3572 et
871 3517 1048 3574 ecclesirrstica
1061 3522 1147 3592 officio
1171 3521 1282 3576 obeundi
1298 3524 1325 3576 in
1346 3525 1482 3596 utriusque
1505 3527 1589 3596 qentis
1612 3525 1706 3582 Eccle-

13 3593 14 3618 ¹
83 3617 121 3670 siis
133 3617 266 3686 untiquitus
279 3615 422 3670 obtinuere.
438 3609 533 3666 Verum
547 3627 581 3666 ne
593 3609 710 3682 pluribus
722 3611 849 3682 ejusmodi
862 3611 1025 3667 recensendis
1049 3613 1233 3668 beatitudinem
1258 3623 1328 3670 tuem
1353 3617 1450 3672 diutius
1474 3621 1572 3674 moturi
1594 3620 1705 3690 uidear,

82 3704 229 3761 ruiblissule
243 3701 568 3774 blosttrobicum,ep'usqne
587 3717 672 3766 usus,
696 3710 771 3773 atque
795 3702 950 3771 praestantia
972 3704 1075 3773 coquito
1100 3703 1180 3772 plone
1203 3713 1280 3777 utque
1303 3716 1438 3778 perspecta
1461 3719 1542 3776 sunt,
1566 3711 1602 3765 ud
1624 3711 1703 3780 pedes

83 3799 213 3852 sanctitatis
228 3807 277 3850 tuce
290 3791 461 3864 procumbens
483 3809 569 3865 ,roqo
582 3802 611 3847 ut
634 3793 793 3861 amplissimo
819 3802 863 3848 tuo
886 3793 991 3850 nornim
1010 3793 1105 3848 librum
1127 3797 1217 3850 ornari
1239 3799 1390 3868 perurittus,
1414 3817 1502 3874 meque
1528 3807 1708 3875 potentissimo

84 3897 119 3942 tuo
133 3891 269 3956 patrocinio
283 3888 390 3942 tuearis.

86 4049 1704 4104 Μ

595 4211 633 4289 [¹¹
676 4225 1180 4356 PRAEFATIO.

114 4483 136 4540 l.
156 4485 219 4542 Cum
248 4485 355 4544 biissuie
377 4485 569 4548 itomanam,
591 4481 667 4554 iussu
678 4491 706 4539 ot
733 4483 862 4554 impensis
878 4481 1047 4552 strabonum
1060 4523 1067 4548 ,
1091 4496 1142 4538 noe
1154 4480 1225 4537 enim
1239 4481 1356 4536 osoribus
1371 4481 1466 4552 optinn
1481 4485 1625 4544 cardinalis
1639 4503 1707 4546 con.

84 4573 206 4632 francisci
219 4577 361 4633 cardinalis
371 4575 487 4632 Ximeuii
500 4575 533 4630 de
543 4573 680 4640 Cisnoros,
691 4571 779 4630 Tolobi
792 4573 861 4644 typis
894 4593 897 4599 ¹
914 4570 1006 4628 uenire
1019 4570 1161 4626 uidebatur
1173 4584 1242 4638 opus
1252 4569 1387 4638 egregium
1400 4570 1435 4626 de
1449 4571 1707 4650 industriapitisre,

82 4666 193 4732 astitum,
214 4669 238 4722 in
260 4683 356 4723 munus
381 4681 456 4723 mess
474 4667 591 4738 primum
614 4666 753 4733 venisset,
773 4664 860 4730 iscesi,
913 4674 940 4720 et
951 4661 1066 4733 posteris
1080 4657 1200 4715 irnuriorn
1214 4659 1303 4716 tacere
1314 4659 1439 4718 votuisse.
1456 4659 1709 4735 iitmmquesmtem

83 4754 178 4822 istem,
193 4758 287 4828 inipso
303 4759 393 4815 titulo.
417 4757 487 4826 Quid
508 4759 580 4820 boc.
606 4759 729 4826 stonum,
751 4754 860 4810 biissoie
914 4751 1040 4818 lecisset,
1060 4751 1101 4817 si,
1126 4751 1198 4806 nui'a
1223 4753 1361 4822 praemissa
1376 4753 1583 4830 ndinonitiono,
1602 4757 1710 4820 biissulc

57 4837 63 4862 ⁸
83 4847 174 4898 mem
188 4849 324 4902 secundum
340 4850 456 4920 sequium
469 4849 535 4904 beuti
546 4848 644 4905 isidori
658 4849 754 4902 dictum
767 4845 863 4900 biocn-
915 4841 1091 4900 Mouarubum
1103 4842 1264 4913 interpolati
1274 4843 1409 4914 jussisset.

80 4933 165 4990 ronst
177 4935 241 4992 Num
251 4947 363 4994 sanctus
374 4937 492 4996 isidorus
506 4939 614 4996 blissaie
625 4938 770 5010 uliqusmio
785 4951 861 4993 com·
950 4935 977 4991 b.
997 4933 1040 4990 bie
1054 4935 1135 4990 etium
1149 4935 1293 4991 sollicitum
1304 4935 1439 4992 liniebant
1450 4939 1531 4995 sarire
1542 4939 1577 4998 tis
1586 4939 1708 5000 iiousrs·

82 5028 162 5092 posuit
175 5069 183 5092 ,
198 5029 266 5098 qnod
287 5030 481 5097 Bronlionem,
497 5039 525 5088 ot
538 5029 723 5086 iiiidelonsnm
738 5029 841 5084 intuiti
917 5029 979 5086 bum
992 5028 1089 5085 ritibus
1102 5028 1244 5086 doctorum
1259 5029 1397 5085 hominnm
1413 5032 1571 5102 opiniones,
1584 5051 1650 5107 quus
1659 5037 1707 5099 aiii

109 5115 135 5170 Ξ.
155 5115 223 5174 Tum
249 5120 315 5176 iilud
341 5122 446 5176 mistum
474 5137 522 5178 cnr
541 5121 670 5176 additur?
690 5133 723 5174 un
746 5117 862 5173 tortasse
917 5128 1128 5185 uetustosessc,
1143 5127 1170 5176 ot
1184 5119 1211 5174 in
1234 5117 1369 5190 iiispnnim
1389 5120 1517 5180 Ecclesiis
1531 5123 1577 5180 diu
1592 5128 1708 5186 usitatos

80 5207 158 5274 lquod
172 5205 303 5280 quenius
316 5211 351 5268 ds
363 5211 464 5270 iiobies
480 5213 611 5283 prostitit,
628 5211 667 5267 lie
679 5213 730 5268 tito
744 5221 769 5266 et
782 5210 861 5284 pestis
916 5221 1049 5269 usserunt.
1064 5211 1115 5268 Atii
1125 5220 1217 5267 contre
1233 5226 1248 5268 o
1262 5211 1443 5268 itornunorntn
1453 5213 1710 5290 Gallicanorumqus

78 5295 144 5349 cord.
159 5295 282 5368 Xissmii,
298 5317 321 5357 e.
337 5299 381 5368 52,
397 5311 425 5356 et
439 5303 519 5372 uulgo
530 5303 669 5373 ct·oditur)
692 5301 799 5358 blissais
813 5316 861 5370 op·
915 5305 1015 5360 rituum
1038 5304 1213 5374 permistione
1234 5301 1304 5358 houd
1325 5303 1360 5358 its
1382 5304 1485 5374 pridem
1501 5315 1580 5364 mutos
1593 5319 1709 5366 eonten-

79 5383 200 5450 pciisuum
213 5401 253 5446 est
266 5393 389 5456 mistum,
405 5391 466 5463 quis
480 5393 517 5448 ilii
534 5393 685 5449 reontiors
697 5391 862 5464 quaetenus
915 5395 999 5450 sirim.
1026 5393 1077 5453 uiti
1092 5394 1199 5451 demum
1222 5394 1304 5451 tibros
1323 5395 1462 5465 iiturqioos
1483 5397 1656 5456 Mosarnbum
1673 5404 1708 5459 ab

79 5473 171 5534 llusnir
187 5479 314 5540 Toictnno
327 5483 505 5556 teprornpu.
530 5485 564 5542 tio
577 5485 705 5542 munduto
724 5482 859 5550 Xirueruii,
914 5487 1122 5546 iraerctioisoiim
1138 5487 1218 5544 luisse
1232 5489 1338 5544 vitiatos
1351 5490 1508 5560 opinantur.

80 5565 173 5626 inserts
198 5571 323 5630 luerunti
345 5575 399 5632 Sed
421 5576 547 5634 Ruisiesio
571 5587 723 5634 contumel
746 5575 861 5649 implius
950 5577 976 5631 l.
998 5577 1708 5643 Enmibiobuersnbuntur,cnibiissrieXimouiisolo

78 5671 159 5718 sams
174 5675 232 5734 post
244 5665 343 5722 ebitum
359 5667 465 5724 biisssio
479 5671 535 5728 bro
548 5673 676 5730 scribenti
696 5685 767 5744 seqre
781 5669 861 5728 utem
915 5671 1024 5728 nonio
1038 5670 1124 5728 udiruo
1135 5677 1227 5728 uotum
1242 5679 1309 5726 orat.
1323 5669 1375 5727 Sub
1391 5673 1434 5726 nin
1450 5673 1547 5732 librum
1560 5691 1608 5750 per
1621 5677 1708 5736 otium

196 5755 328 5819 lernou..
352 5757 512 5824 LXXXV.
1472 5767 1488 5828 l
