3932 6300
265 291 318 348 ete
619 291 764 353 illSSdLE
783 289 915 347 tttxtutt
936 284 1008 343 SEU.
1029 273 1114 336 REO:
1135 287 1164 345 ll.
1185 279 1317 348 lstpottt.
1332 319 1366 332 -
1387 289 1474 346 PARS
1492 290 1514 346 l.
1819 297 1863 354 att

267 419 416 464 vestrumea
437 409 597 480 compedum
618 409 736 464 rmoiuto
749 406 872 476 ligamine
885 422 891 457 :
906 401 988 459 rectis
1001 411 1048 453 ros
1063 392 1089 456 Α
1103 415 1179 471 reges
1207 403 1351 471 amputatis
1372 417 1498 458 manutmt
1518 416 1551 457 se
1574 403 1670 472 puber
1691 405 1863 466 summitatibn

267 515 373 570 scrnper
386 502 490 558 semitis
512 503 592 557 iaciat
609 500 760 556 ambulare.
782 498 818 557 ri.
836 498 932 552 Amen.
947 495 1052 564 Quique
1101 492 1263 564 colligebant
1276 495 1327 549 sub
1343 508 1432 548 mensa
1445 507 1504 548 mea
1517 493 1638 549 ciborum
1658 495 1788 564 reliquias.
1804 497 1864 555 died

265 605 313 659 pro
339 601 413 646 tante
437 593 475 647 rei
504 591 639 646 miraculis
663 587 830 644 marriiestaun
855 585 919 640 lecit
944 582 1051 655 populis
1101 581 1172 639 ieei:
1198 585 1233 640 lta
1261 584 1376 640 reddidit
1399 585 1464 640 mibi
1494 583 1633 640 Dominus.
1659 585 1863 660 adduxeruntque

265 683 377 744 plurium
398 699 472 737 suram
489 701 495 736 ε
512 684 568 751 ipse
590 698 638 736 uos
657 681 808 735 introducat
822 677 855 732 ad
870 675 965 746 gandia
978 688 1051 730 sere
1100 690 1161 730 euru
1177 675 1204 730 in
1221 676 1384 732 llierarsalem
1398 695 1404 730 :
1420 686 1448 734 et
1463 677 1500 733 ibi
1516 685 1638 732 nonnus
1650 686 1701 732 eet.
1723 676 1864 747 lippuguuun·

268 771 382 838 piterua.
406 774 442 840 ii.
460 776 556 829 dureo.
581 773 633 828 Per
657 769 868 826 misericordiam
893 767 980 834 ipsius
1004 765 1051 821 liei
1102 775 1143 819 tas
1156 779 1222 835 ergo
1235 765 1360 820 liliiiuda
1377 767 1544 823 Hierusalem
1557 783 1564 820 :
1579 775 1808 835 cepmnteamet
1820 787 1866 838 pen

267 873 319 920 cto.
339 867 465 919 ltumiuus
479 868 514 919 sit
528 881 634 934 semper
646 863 794 917 vobiscum.
819 861 854 927 ai.
871 859 904 914 Et
918 873 991 914 eum.
1101 865 1243 908 euaserunt
1257 855 1284 909 iu
1298 869 1345 910 ore
1357 853 1439 927 gladii
1454 873 1462 910 z
1479 859 1614 911 tradentes
1627 870 1748 911 cunctam
1759 857 1865 915 incendia

300 953 606 1008 deprecatiunculae
629 959 671 1007 est
696 952 772 1020 panis
798 949 831 1004 de
854 946 913 1002 celo
938 947 1052 1001 dacen-
1100 943 1246 998 ciuitatem.
1272 945 1305 998 Et
1321 955 1411 1013 postca
1424 945 1618 1001 descendentes
1631 955 1867 1016 pugnaveruntcou·

265 1045 332 1099 dens
346 1062 354 1098 ι
370 1044 391 1099 si
407 1043 467 1114 quis
480 1059 513 1098 et
528 1045 586 1112 ipso
600 1041 799 1097 manducaverit
813 1057 820 1093 :
836 1055 888 1093 non
902 1039 1049 1092 morietur:
1101 1041 1141 1087 tro
1155 1032 1346 1090 Cbanuneurn:
1369 1035 1415 1105 qui
1441 1037 1577 1092 habitabat
1596 1037 1623 1092 in
1649 1040 1792 1092 menbris:
1806 1049 1829 1094 et
1839 1042 1866 1096 ad

264 1133 313 1187 scd
332 1133 440 1188 luabebit
461 1134 542 1187 ritum
558 1113 706 1186 ‘eternam
727 1137 755 1184 et
774 1145 823 1197 ego
840 1128 976 1184 suuscitalro
989 1143 1050 1183 com
1101 1125 1239 1180 ttrrridieur
1262 1127 1289 1181 in
1316 1127 1521 1196 campestribus.
1553 1127 1722 1198 Purgentque
1734 1127 1869 1185 luemcon-

265 1225 409 1278 qnvissirno
423 1224 467 1279 die
492 1223 522 1278 Si
534 1223 595 1291 quis
607 1223 664 1277 sitit
683 1221 772 1276 ueniat
791 1222 823 1276 ad
844 1237 888 1276 nte
902 1239 909 1276 :
925 1230 953 1276 et
967 1223 1050 1280 bibat.
1101 1225 1141 1270 tra
1156 1216 1329 1272 tllrauaucum
1342 1219 1387 1286 qui
1403 1218 1539 1274 habitabat
1553 1219 1580 1274 in
1595 1219 1700 1275 liebron
1712 1237 1719 1274 :
1733 1220 1774 1275 cui
1786 1235 1866 1276 nomes

264 1315 315 1380 Qud
329 1315 414 1368 credit
428 1316 454 1368 in
468 1329 511 1368 rue
525 1313 632 1368 llumina
648 1313 683 1368 de
703 1321 795 1367 ventre
814 1312 874 1379 eius
887 1313 969 1366 liberti
983 1325 1051 1379 aque
1102 1304 1151 1360 luit
1163 1309 1308 1375 acutiquitus
1323 1307 1536 1366 chariatharbe:
1561 1319 1589 1366 et
1609 1311 1739 1381 percussit
1759 1313 1826 1368 besai
1845 1323 1868 1368 et

266 1408 336 1464 rire.
360 1408 397 1478 γ.
414 1407 459 1463 Sic
474 1407 567 1462 dilexit
583 1407 653 1461 Decus
668 1405 793 1460 mnndum
809 1421 816 1459 ε
831 1413 861 1458 ut
875 1404 956 1458 lilium
972 1416 1049 1458 sutum
1102 1397 1220 1466 llaymau
1235 1407 1263 1452 et
1277 1399 1410 1455 Tluolmei.
1432 1411 1515 1472 atque
1534 1402 1597 1458 iude
1611 1402 1745 1471 proiectus
1766 1403 1826 1461 abiit
1840 1405 1868 1458 ad
1940 1413 1941 1422 ³

264 1501 341 1553 darm
356 1514 404 1568 pro
417 1498 534 1553 mundo:
551 1505 581 1552 ut
593 1499 682 1553 omnis
695 1497 739 1566 qui
754 1495 868 1551 eredidit
881 1496 906 1549 in
921 1511 983 1550 eum
997 1509 1050 1549 nour
1101 1486 1266 1545 isdritatores
1292 1490 1392 1546 papiu:
1409 1492 1484 1560 cuius
1506 1507 1604 1548 nonren
1628 1506 1704 1548 reus
1714 1501 1770 1548 erat
1780 1491 1869 1548 Cariat-

262 1586 475 1654 pserert.·P.Sed
490 1588 606 1644 habebit.
628 1589 665 1656 5
680 1586 809 1641 GlorIset
824 1585 1010 1641 honorl‘elrib
1024 1593 1051 1640 el
1099 1577 1216 1644 depilet}
1232 1580 1257 1632 iti
1281 1589 1325 1634 bai
1347 1581 1442 1635 civitat
1456 1580 1615 1636 litterarum.
1639 1579 1867 1650 iiixliddecdlepll.

265 1681 321 1733 ttttn
335 1689 362 1736 et
376 1678 484 1747 Spiritui
505 1680 605 1734 seruato
624 1679 649 1732 iu
668 1677 760 1734 secula
781 1677 932 1732 seculorum
953 1675 1049 1732 dmm.
1101 1666 1151 1734 Qui
1175 1672 1342 1738 percusserit
1364 1669 1571 1740 cariathsepher
1594 1681 1621 1728 et
1644 1672 1783 1728 resteterit
1801 1689 1866 1728 eeu:

267 1773 302 1827 p,
317 1773 371 1826 sqq
386 1773 504 1828 pngppp,
1065 1745 1172 1812 Bdnbn
1185 1759 1210 1813 ei
1225 1762 1308 1815 dsam
1325 1759 1406 1816 lilium
1420 1775 1506 1818 meam
1518 1775 1641 1818 uxerem
1667 1761 1783 1831 Cumque
1797 1765 1871 1832 cepis·

296 1863 457 1918 Gornmunio.
476 1862 614 1930 lluplerum
631 1868 671 1917 est
685 1859 823 1932 gaudium.
1101 1857 1143 1900 sut
1160 1861 1220 1903 eam
1244 1849 1368 1906 Odeoniel
1395 1849 1466 1906 iliius
1479 1849 1552 1907 Cane
1570 1851 1653 1907 irater
1663 1850 1762 1922 Gelepb
1777 1852 1870 1908 mirer:

302 1953 401 2008 Oratio.
419 1954 502 2023 lleple
518 1952 631 2009 Domine
646 1969 692 2008 eur
705 1962 836 2008 runstrum.
1101 1936 1177 1994 didi!
1190 1939 1215 1994 ⁰5
1229 1941 1313 1996 min
1329 1940 1413 1996 fflifflt
1427 1956 1503 1996 iiim
1516 1939 1668 2010 ‘winien-
1684 1940 1871 2011 Quiliwiffl·

264 2065 370 2136 linquae
384 2077 450 2120 retro
463 2066 489 2119 iu
505 2064 528 2120 l.
548 2066 677 2120 l'onra'nicu
693 2065 901 2136 Quadrupedem
916 2061 992 2118 dene
1005 2061 1050 2118 de.
1103 2041 1155 2086 κη’
1172 2031 1198 2087 ἰ.
1214 2032 1310 2088 imm
1332 2034 1434 2088 ''¹⁰⁰⁰ss
1457 2032 1499 2087 'i‘
1520 2047 1586 2087 '¹¹⁰⁸
1609 2041 1639 2088 ¹¹²
1662 2042 1764 2102 mm
1782 2040 1871 2099 mm

518 2154 621 2210 leitila
640 2153 791 2221 olianta,
1101 2134 1152 2176 ⁸¹¹⁰
1173 2135 1281 2191 untur.
1303 2121 1361 2190 Que
1384 2135 1446 2176 enm
1467 2119 1869 2190 suspirassetsedeuriussinu:
1940 2107 1941 2178 l

1101 2213 1166 2268 dicit
1179 2214 1328 2285 villalupb.
1350 2212 1418 2283 Quid
1445 2213 1546 2270 nabet
1566 2216 1602 2268 at
1621 2213 1665 2266 itta
1686 2211 1871 2281 respondite·
1940 2203 1941 2274 ἴ

1102 2304 1166 2358 urild
1188 2303 1421 2360 benedictionem:
1446 2305 1507 2374 qnia
1530 2312 1629 2358 terrant
1650 2313 1766 2358 arautem
1789 2299 1871 2356 dedisti

1102 2393 1183 2449 utrlri:
1198 2393 1233 2448 da
1247 2401 1275 2448 et
1289 2395 1417 2463 irriguam
1431 2393 1518 2463 aquis.
1547 2393 1625 2448 liedir
1640 2406 1706 2462 ergo
1719 2391 1809 2461 calepi
1823 2391 1872 2444 irri-

571 2246 611 2298 dd
638 2243 756 2300 dissum.

361 2333 555 2389 Prorerbiorunu
570 2334 762 2408 salonensi*
777 2335 842 2405 Cap.
856 2333 927 2390 HI
936 2335 957 2406 ).

306 2447 343 2513 ti.
361 2446 415 2500 ileo
428 2448 541 2516 gratiae.

301 2537 361 2590 itti.
382 2536 524 2592 Civitatem
546 2535 653 2592 tortium
673 2535 800 2594 ascendet
819 2537 929 2605 sapiens
942 2555 949 2592 ι
964 2543 992 2592 et
1005 2535 1051 2592 de-

263 2635 350 2683 struet
372 2629 454 2682 roburr
474 2627 569 2685 dulucia
589 2628 659 2698 ejus¹
681 2627 912 2696 pulcronium
932 2644 1009 2684 suum
1023 2637 1051 2684 et

266 2718 381 2786 linguam
398 2730 472 2772 uram
489 2735 495 2770 :
512 2719 628 2772 custodit
644 2717 678 2772 ab
693 2719 821 2788 angustiis
834 2720 948 2774 animam
963 2734 1048 2774 sunam.

1101 2501 1181 2556 guum
1194 2485 1316 2557 superius
1328 2497 1355 2540 et
1379 2487 1507 2554 irriguum
1529 2484 1653 2540 inierint.
1670 2483 1729 2539 biiii
1743 2495 1824 2538 auem
1836 2481 1872 2536 Ci-
1940 2519 1941 2562 5

1102 2575 1263 2648 neicoguari
1279 2577 1363 2646 ilopsi
1378 2575 1559 2632 ascenderunt
1574 2576 1609 2630 de
1624 2574 1731 2630 ciuitate
1742 2575 1871 2644 palmarun
1940 2579 1941 2626 1

1101 2683 1161 2724 eum
1176 2667 1238 2724 liliis
1253 2667 1319 2722 iuda
1335 2666 1511 2722 indecentem
1526 2665 1608 2722 sortis
1622 2665 1682 2733 ejus
1698 2665 1784 2733 :quud
1797 2661 1871 2716 estad
1940 2645 1941 2720 Ῐ

265 2805 404 2876 Superbus
418 2816 446 2861 et
459 2823 587 2878 atrugans
603 2818 713 2865 vocatur
735 2809 877 2865 lurdoctus:
900 2812 944 2881 qui
964 2811 990 2865 iu
1012 2811 1051 2865 ira

264 2906 391 2960 «queratur
416 2897 579 2964 supcrbium.
607 2897 745 2956 Desideria
771 2899 897 2955 accidunt
925 2901 1048 2972 pigrum:

267 2989 408 3042 uoluerunt
422 2989 492 3043 enim
510 2988 652 3059 quicquam
669 3004 763 3044 inautus
775 2991 835 3060 ejus
849 2993 966 3062 operari.
982 2990 1049 3046 ‘luta

265 3077 309 3130 die
323 3078 491 3146 eortcupiscit
503 3090 529 3132 et
545 3079 679 3134 desiderat
695 3098 701 3134 :
716 3081 761 3152 qui
775 3093 863 3136 autem
883 3079 971 3150 justus
984 3090 1027 3136 est
1040 3095 1047 3134 :
1061 3079 1087 3150 c

266 3167 358 3223 tribuit
372 3181 399 3226 et
415 3185 467 3225 non
483 3172 610 3226 cessabit.
631 3171 724 3228 ilostie
738 3172 880 3244 impiorum
894 3173 1049 3226 ablroutiua·

263 3257 331 3314 bdes
344 3275 351 3311 z
366 3256 380 3298 l
395 3259 455 3329 quia
471 3259 620 3340 olleruqtur
639 3277 672 3317 es
693 3262 806 3318 sceiere.
827 3261 917 3318 Testis
935 3261 1047 3316 attendes

263 3350 359 3420 peribit
374 3367 382 3404 s
398 3351 438 3406 uir
450 3352 579 3408 obediens
593 3353 715 3422 loquetur
728 3355 876 3410 uictoriam.
893 3353 939 3410 lir
952 3355 1049 3424 impius

263 3444 411 3508 procaciter
426 3456 438 3484 0
453 3443 571 3500 alilrmnt
585 3445 689 3501 pultum
709 3462 807 3502 surum:
831 3448 876 3516 qui
897 3457 987 3502 autent
1006 3463 1048 3502 re·

262 3544 322 3588 eun
340 3541 404 3589 est:
426 3536 537 3606 corrigit
550 3537 622 3590 riam
637 3551 726 3591 suasu.
745 3536 803 3592 Nou
829 3546 871 3592 est
894 3538 1046 3606 sapientia:

264 3641 316 3679 nrm
331 3633 372 3680 est
387 3625 548 3696 prudentia:
565 3641 617 3682 non
633 3636 674 3682 est
688 3628 829 3682 consilium
843 3637 935 3684 contra
957 3628 1048 3684 burmi-

264 3731 337 3774 uum.
354 3718 444 3787 Equus
460 3727 567 3784 paratur
579 3719 612 3773 ad
626 3718 696 3774 diem
711 3717 773 3775 beili
789 3737 796 3774 :
812 3718 941 3776 bernuinus
958 3733 1047 3777 autern

262 3809 374 3861 salutem
390 3808 497 3862 utimur.
521 3808 559 3868 ti.
577 3811 671 3864 Amen.

335 3919 412 3990 121
429 3915 591 3986 Principium
606 3917 796 3974 libridudisum
819 3919 843 3992 (11
860 3923 926 3990 (inp,
937 3921 975 3993 1),

304 4031 342 4100 ἡ.
358 4032 412 4088 lieo
426 4033 535 4098 gratias.

1101 2755 1238 2812 meridiem
1265 2755 1274 2794 ῐ
1297 2756 1384 2813 bracb
1399 2773 1405 2810 :
1421 2766 1448 2810 et
1466 2753 1654 2811 babitareruut
1672 2769 1732 2812 cunr
1745 2768 1787 2808 eo.
1807 2751 1870 2808 dbiit
1940 2819 1941 2824 η

1099 2860 1188 2904 autem
1202 2845 1284 2902 ludas
1298 2862 1357 2902 curu
1376 2846 1509 2918 symeone
1523 2844 1606 2902 iratae
1620 2860 1670 2902 suu
1684 2863 1691 2901 :
1707 2855 1735 2900 et
1748 2859 1867 2915 percusse

1102 2949 1164 2994 ruut
1177 2939 1257 2994 sturm
1278 2939 1472 2994 Ciuarraueunr:
1488 2937 1532 3007 qui
1557 2936 1695 2993 eabtnpat
1718 2935 1745 2991 iu
1763 2935 1871 3004 Sepias:

1101 3040 1129 3084 et
1143 3029 1333 3084 iuterfecerunt
1354 3043 1428 3084 euru.
1461 3027 1642 3096 locatumque
1656 3037 1697 3083 est
1710 3041 1800 3082 uruneu
1810 3025 1875 3078 urbis

1103 3131 1184 3176 urina
1198 3139 1205 3176 ε
1222 3120 1248 3176 id
1260 3130 1302 3178 est
1311 3121 1463 3176 auratlrerua.
1479 3117 1609 3188 cepitque
1619 3117 1704 3174 lesdas
1716 3115 1809 3172 Gaaatn
1821 3129 1875 3170 eun

1102 3213 1200 3268 bulbus
1225 3211 1333 3266 suiset
1359 3208 1552 3268 adascalonem
1577 3219 1660 3279 atque
1686 3211 1800 3264 decaron
1819 3220 1871 3262 eun

1098 3303 1222 3360 canuaninis
1235 3301 1299 3358 suia.
1327 3300 1439 3372 Fuitque
1455 3301 1584 3360 domiuus
1603 3314 1667 3356 eum
1689 3297 1755 3355 iuda
1771 3307 1797 3354 et
1809 3311 1873 3352 irrue

1102 3405 1162 3453 esua
1186 3397 1323 3468 possedit·
1345 3411 1395 3453 nec
1421 3405 1525 3467 poterat
1543 3395 1635 3450 delere
1656 3394 1813 3450 babitatores
1826 3389 1873 3444 rai

1101 3487 1134 3542 lis
1147 3507 1154 3542 :
1169 3485 1230 3558 quia
1253 3489 1356 3544 laicalis
1376 3487 1498 3544 curribus
1522 3485 1704 3544 abrttrdabant.
1740 3483 1871 3540 liederunt-

1100 3595 1154 3649 que
1167 3580 1269 3651 Calepb
1287 3581 1414 3637 liebron:
1440 3585 1507 3636 sicut
1521 3581 1626 3636 ditarat
1644 3581 1759 3652 blupses.
1773 3575 1819 3646 Qui
1832 3574 1874 3628 de·

1101 3672 1166 3727 lesit
1177 3687 1211 3727 et
1226 3686 1257 3728 ea
1272 3684 1328 3728 tres
1341 3673 1410 3727 lilios
1423 3670 1525 3726 Enacle.
1545 3671 1690 3728 lebbaeum
1705 3680 1790 3725 autem
1804 3665 1870 3720 babi-

1103 3770 1214 3816 tatorem
1232 3763 1399 3818 llierusalem
1421 3777 1474 3818 uun
1499 3762 1656 3818 deleueraud
1670 3759 1717 3817 lilii
1738 3755 1871 3816 beniatdn

1102 3854 1290 3924 dubitansque
1304 3855 1438 3911 lebbaeus
1460 3871 1521 3912 curn
1546 3855 1760 3911 strepentium
1780 3853 1805 3907 io
1819 3849 1872 3903 llis·

1102 3944 1217 3998 rusalesu
1233 3961 1316 4014 serpere
1340 3946 1367 4000 in
1393 3953 1543 4014 presentem
1557 3945 1639 4000 dium
1668 3945 1869 4010 usquequaque

1100 4033 1198 4104 laseplu
1224 4034 1345 4092 meridia
1370 4036 1397 4090 iu
1425 4033 1539 4091 lietbai:
1566 4035 1668 4104 luitque
1683 4033 1869 4088 Dominuacum

299 4124 327 4178 ln
340 4123 393 4179 illis
406 4123 522 4180 diebus:
546 4132 606 4194 post
629 4133 742 4181 nortem
764 4124 1048 4182 iosuecuusuiuerunt
1100 4128 1151 4182 eis.
1183 4125 1249 4182 daur
1268 4141 1329 4182 eum
1349 4125 1505 4182 obsiderent
1524 4126 1639 4182 urbem:
1656 4140 1710 4196 qua
1727 4119 1870 4193 priusbuaa

263 4215 310 4271 tilii
329 4217 410 4273 lsrael
435 4215 577 4274 llomiuum
591 4218 721 4274 diceutes.
747 4217 813 4284 Quis
834 4221 962 4274 ascendet
984 4227 1047 4275 arete
1101 4217 1263 4272 uocabatur:
1287 4217 1555 4274 uideruntlrominem
1570 4217 1755 4288 egredientem
1768 4207 1870 4268 deciri·

270 4323 318 4363 uss
329 4317 422 4364 contra
436 4308 629 4374 cluanensem,
651 4310 740 4364 eterit
753 4307 807 4364 dus
825 4308 908 4364 belii?
923 4309 1046 4379 pinique
1102 4320 1155 4367 tate
1169 4328 1176 4364 ε
1191 4310 1369 4379 dixeruntque
1381 4312 1414 4367 ad
1431 4326 1504 4369 eum.
1524 4309 1642 4366 Ostende
1654 4310 1733 4365 nubis
1750 4307 1871 4363 introitus·

274 4399 410 4454 iluminns.
436 4398 518 4454 ludas
535 4398 670 4454 ascendet.
688 4399 755 4454 Ecce
770 4397 864 4452 uadtdi
880 4409 976 4453 terrant
993 4407 1004 4436 ⁸
1020 4399 1046 4454 iu
1062 4401 1235 4486 Debitoris.
1252 4410 1279 4456 et
1292 4399 1422 4456 iaciemus
1434 4400 1461 4456 in
1475 4411 1501 4456 te
1516 4400 1736 4456 misericordiam.
1763 4396 1870 4464 Quicum

264 4505 343 4545 surano
356 4491 424 4559 sius.
442 4489 477 4542 Et
496 4488 534 4542 alt
546 4488 630 4544 iudas
644 4488 771 4560 symeoni
788 4488 861 4544 iratri
875 4503 934 4544 suo.
951 4491 1049 4544 dscen·
1100 4491 1265 4546 ostendisset
1287 4490 1328 4546 eis
1343 4508 1350 4544 z
1368 4501 1557 4559 percusserunt
1583 4490 1678 4545 urbem
1694 4490 1719 4545 in
1733 4502 1778 4543 ore
1790 4481 1870 4552 gladii.

262 4581 295 4633 de
310 4593 413 4634 meeum
430 4577 455 4630 in
478 4587 550 4631 sorte
573 4594 650 4632 suren:
666 4589 694 4634 et
718 4593 804 4650 pugna
826 4589 920 4632 curum
944 4579 1048 4634 Cluana·
1100 4581 1240 4640 flaturinem
1255 4589 1343 4636 antem
1368 4581 1441 4636 illurn
1461 4589 1491 4636 et
1508 4595 1615 4636 orrrnem
1629 4578 1809 4654 cognationem
1822 4572 1872 4643 epu

262 4684 342 4724 ueurn
356 4685 362 4721 ε
378 4677 406 4720 et
429 4681 478 4736 ego
501 4681 607 4736 pergam
629 4676 715 4721 tecum
738 4669 764 4722 iu
777 4679 850 4722 surse
863 4678 916 4722 ture.
939 4668 1049 4724 altantis
1098 4671 1270 4728 tliuriserunt.
1294 4671 1344 4738 Qui
1358 4671 1485 4727 dimissas
1498 4671 1567 4727 abiit
1579 4673 1605 4724 in
1619 4681 1718 4727 terram
1734 4667 1816 4722 Eubius
1829 4681 1835 4716 1
1849 4667 1872 4716 tt

263 4775 323 4813 cum
336 4772 369 4814 en
383 4759 511 4828 Sgnuauu.
536 4758 714 4826 docendisque
727 4756 809 4813 laudus
826 4767 854 4813 et
866 4759 975 4814 tradidit
994 4757 1049 4814 lio·
1100 4763 1238 4818 edidcarit
1252 4763 1289 4818 ibi
1302 4763 1449 4820 ciuitatem.
1474 4763 1637 4832 llocadnpuo
1649 4778 1707 4817 eam
1723 4760 1816 4814 Lunam
1827 4767 1872 4824 qur

264 4849 352 4905 uulnus
366 4847 539 4911 Cbauraneurn
562 4863 593 4902 ae
616 4847 762 4904 Fereaeum
780 4849 807 4903 in
828 4865 921 4904 unrunua
932 4865 1047 4906 ebruna:
1099 4851 1248 4922 appellatur
1262 4865 1347 4922 usque
1362 4853 1387 4907 iu
1401 4861 1552 4922 presentent
1566 4849 1649 4906 diem.
1670 4851 1705 4918 ri.
1721 4853 1812 4902 dunen.

263 4952 289 4998 et
302 4949 488 5008 percusserunt
505 4939 530 4994 iu
542 4938 644 4994 Beaeclr
659 4938 751 4992 deeern
763 4940 844 4994 miliia
862 4940 990 4996 uirorum.
1011 4941 1049 4996 ln·
1135 4939 1209 4994 llieut
1223 4940 1334 4996 l'rerbit.
1361 4943 1488 4998 Domitius
1502 4941 1538 4998 sit
1550 4955 1657 5011 semper
1671 4939 1811 4996 sommum.
1833 4931 1866 5000 ἡ·

264 5040 447 5099 veneruntque
463 5029 650 5085 adonibezech
671 5038 699 5082 ct
721 5029 746 5082 iu
768 5029 870 5086 neuen
885 5048 892 5086 :
908 5040 936 5086 et
949 5047 1048 5100 pugna·
1100 5031 1128 5087 Et
1142 5045 1212 5086 curura.

264 5130 359 5178 uerunt
373 5129 465 5176 crarutra
480 5135 560 5176 eum:
577 5134 609 5174 ac
631 5132 819 5188 percusserunt
834 5121 1005 5176 Cluananeum
1021 5131 1047 5175 et
1136 5123 1251 5178 Tractus.
1266 5123 1377 5178 Peccasi
1393 5143 1399 5178 ι
1413 5124 1476 5194 quid
1487 5124 1580 5180 iaciarn
1591 5139 1608 5176 o
1618 5132 1707 5179 custos
1721 5118 1867 5174 hominurn:

265 5213 420 5267 l'ercaeutu.
441 5209 516 5280 lingit
541 5218 631 5264 autem
653 5208 838 5265 dduuibcaeolr
857 5227 934 5278 quem
955 5226 1048 5281 perse·
1098 5227 1180 5280 «parare
1208 5227 1249 5268 rure
1276 5213 1387 5282 postristi
1410 5214 1572 5269 contrarium
1588 5213 1656 5269 tibi:
1680 5221 1707 5268 et
1719 5211 1799 5264 lactus
1814 5215 1866 5258 suat

263 5303 317 5360 cuti
331 5300 610 5366 cornpreluenderunt:
629 5302 699 5356 cesis
713 5302 1047 5360 summitatibusrnantruar
1098 5302 1268 5369 ruiiriuretipsi
1293 5303 1390 5370 grauis.
1438 5303 1474 5371 i.
1491 5303 1545 5359 Cur
1573 5319 1625 5358 non
1653 5302 1721 5358 tollis
1742 5301 1866 5368 peceatum

263 5393 322 5462 qius
335 5406 368 5450 se
383 5389 490 5462 pedum.
511 5389 634 5459 llititqne
648 5388 836 5448 adortibeaeclr
852 5408 860 5446 ε
878 5393 1046 5463 septuaginta
1098 5408 1185 5446 auruum
1203 5409 1209 5444 :
1224 5401 1251 5446 et
1265 5407 1347 5462 upuaro
1361 5409 1413 5448 troo
1426 5393 1517 5450 aulers
1529 5395 1695 5460 iruiuurtuteut
1708 5403 1793 5446 meant
1805 5403 1816 5440 :a
1829 5389 1866 5439 si·

298 5547 387 5616 ⁸Cup.
401 5544 480 5602 ΠΙ.
496 5545 571 5600 Vera.
583 5543 673 5598 bide.

297 5615 312 5658 Β
326 5618 392 5683 Quia
405 5620 557 5688 offeruutsrr.
571 5617 640 5682 lnge
651 5629 709 5684 qaue
719 5613 869 5683 offeruntur.

299 5697 310 5726 ⁸
325 5688 454 5758 adspiratus.
466 5687 552 5758 iulg„
564 5686 691 5754 obfirntut.

1132 5542 1145 5584 l
1162 5543 1225 5615 Cup.
1240 5544 1265 5600 l.
1280 5545 1356 5604 Vens.
1369 5547 1442 5608 t-er.

1133 5625 1145 5654 ⁸
1160 5615 1193 5669 ln
1203 5633 1290 5670 uroruu.
1307 5618 1394 5688 iulg..
1409 5619 1437 5672 in
1448 5637 1548 5676 manu.

1134 5681 1143 5725 Ι
1159 5687 1253 5741 cineri.
1265 5687 1325 5757 rulg
1339 5730 1347 5757 ‚
1361 5689 1441 5744 dead.
