3908 6312
288 273 344 338 ’959
881 281 969 339 SAEC.
990 282 1025 338 ttt
1044 281 1178 341 nonutt.
1199 281 1337 339 attend.

292 392 353 454 riis,
371 400 400 447 ct
418 391 451 447 de
472 391 605 446 tanirersis
628 390 696 447 locis
708 391 735 447 in
749 391 847 462 quibus
869 394 926 450 Deo
950 393 1118 460 tantalon-,t
1309 389 1428 462 Spiritus
1440 390 1526 460 carni,

293 497 334 542 tes
349 485 481 552 habitant,
498 486 679 555 requiescunt,-
704 487 855 550 dormiunt,
876 487 1003 558 vigilant,
1025 504 1080 544 am·
1308 483 1379 539 Caro
1393 484 1501 540 sanitati

288 578 386 634 bulnnt
407 589 433 634 et
456 579 616 634 consistunt.
642 577 698 634 Nec
719 579 808 635 ualeat
831 579 946 650 amplius
973 579 1079 649 inquie-
1314 574 1446 632 Redditur
1461 589 1548 646 aeque.

291 677 361 732 tare,
377 669 417 725 ret
433 684 546 738 pavores
564 670 710 726 immittere
726 685 807 742 super
828 671 887 726 illos
910 685 978 738 quos
993 671 1080 728 sarrrti
1341 666 1406 723 lure
1421 667 1471 723 sub
1490 666 1596 722 blande

292 757 447 818 chrismatis
464 759 501 812 tui
523 759 650 815 unctione
669 759 756 814 fecisti
772 774 832 816 esse
853 760 980 814 enutritus.
996 759 1081 815 Oetae·
1310 756 1407 828 Specie
1422 755 1555 812 columbae

290 849 386 920 dico†
404 857 440 914 te,
457 864 528 914 cera,
543 850 570 904 in
585 850 693 906 nomine
707 850 812 906 Domini
828 851 911 906 nostri
924 849 987 905 lesu
1002 849 1081 905 Glari·
1307 845 1432 904 Nesciam
1446 845 1516 902 ieliis

289 940 324 994 sti
340 947 367 993 ct
385 948 485 995 sancte
501 939 650 1003 Trinitatis,
665 950 695 994 ut
713 943 750 997 sis
770 941 960 996 exterminatio
978 941 1079 996 diaboli
1307 939 1431 993 Animam
1446 937 1551 992 sororis

288 1039 315 1084 et
330 1030 447 1084 ontnitrm
462 1031 693 1086 contubernalium
705 1029 773 1098 ejus.
788 1030 839 1085 i’er
851 1029 974 1085 eumdem
990 1029 1081 1085 bomi-
1309 1026 1420 1084 Suratma
1435 1026 1535 1082 stellati

289 1137 354 1174 nram
370 1131 504 1186 nostrum,
518 1121 563 1190 qui
576 1121 680 1176 visitet
697 1129 801 1190 regnat.
1306 1117 1452 1173 Penetrare
1466 1117 1529 1172 coeli

324 1209 398 1264 Tunc
420 1218 592 1280 aspergantur
612 1227 680 1281 aqua
701 1212 833 1266 benedictn
856 1220 881 1266 et
901 1211 1078 1276 incensentur,
1307 1209 1430 1266 Culmiua
1447 1209 1549 1266 cernis.

287 1310 312 1354 et
337 1302 489 1356 decantetur
512 1303 679 1372 antiplona:
704 1303 806 1359 Lumen
830 1305 863 1358 ad
887 1304 1078 1360 revelationem
1343 1299 1594 1370 lpsepustclarum

288 1393 419 1460 gentium,
433 1379 498 1453 etc..
513 1404 618 1465 excepto
633 1396 756 1448 cantico:
772 1395 846 1450 Nurac
863 1394 986 1460 dimittis,
1002 1395 1078 1464 cuim
1305 1389 1437 1446 ilelcrens
1456 1389 1625 1460 triumpbuna

286 1478 344 1535 loeo
361 1482 479 1536 dicitur:
493 1483 564 1540 Oens
581 1483 749 1540 misereatur.
1304 1479 1382 1535 Celsa
1394 1478 1499 1535 deuicto

323 1571 415 1628 Oratio
429 1577 464 1628 ad
478 1585 588 1630 sectam.
607 1577 696 1632 Beatae
720 1574 811 1630 blaciae
833 1589 940 1646 semper
954 1577 1075 1644 virginis,
1305 1570 1376 1626 Petis
1389 1579 1460 1626 astra
1475 1570 1590 1634 marono,
1655 1581 1660 1588 ·

287 1678 452 1732 quesumus,
469 1664 591 1731 Domine,
616 1665 686 1721 adsit
708 1667 787 1722 nobis
810 1668 909 1737 ubique
931 1667 1028 1728 oratio,
1049 1675 1077 1722 et
1303 1661 1572 1718 bucellammantem

287 1769 368 1824 quam
384 1756 481 1812 devoto
501 1755 577 1826 plebs
595 1764 640 1810 tua
660 1768 806 1813 ueneratur
818 1756 960 1828 obsequio,
983 1749 1116 1812 sadra-B
1305 1751 1437 1808 liadiante
1456 1751 1553 1806 callem

287 1843 345 1912 gari
359 1843 409 1898 sibi
429 1845 474 1914 pio
488 1844 644 1916 experiatur
658 1847 769 1902 auxilio.
783 1845 844 1902 Per.
1128 1839 1133 1844 ’
1303 1841 1385 1899 Pallia
1401 1851 1536 1898 sternunt.

322 1931 416 1988 Oratio
439 1935 473 1988 nd
495 1951 602 1990 nonam.
630 1935 745 2006 Adiacet
767 1951 827 2002 nos,
844 1951 1008 2006 quaesumus,
1025 1933 1078 1992 Oo-
1339 1935 1412 1992 Laus
1425 1927 1609 1998 bodorPatri,

287 2023 371 2090 mitte,
384 2034 486 2080 sanotae
501 2025 591 2080 ituriae
611 2039 717 2096 semper
732 2027 843 2096 uirginis
861 2027 1018 2082 intercessio
1031 2041 1078 2080 re·
1301 2028 1439 2100 Pariliqne
1458 2027 1531 2084 Proli

191 2191 193 2196 Ι
287 2117 418 2183 uerenda,
431 2124 459 2171 et
483 2131 498 2171 a
519 2127 692 2187 peccatorum
707 2118 820 2174 viticulis
836 2118 975 2174 absolutos
989 2117 1016 2173 iu
1031 2127 1075 2172 tua
1304 2119 1362 2177 Una
1379 2119 1519 2188 majestas,

286 2208 366 2264 iaciat
383 2223 448 2278 pace
465 2209 592 2279 gaudere.
607 2208 669 2266 Per.
1304 2209 1405 2266 Eadem
1421 2218 1552 2278 potestas,

237 2323 245 2335 ι
325 2313 352 2352 ιι(
370 2314 467 2354 urraca
487 2315 579 2356 sancet
597 2317 681 2355 suasu
700 2315 816 2356 arascont
835 2315 871 2354 nr
891 2311 1035 2353 nanarats.
1303 2302 1374 2370 Cum
1385 2301 1483 2372 qtribus
1498 2306 1611 2355 sanctus

321 2386 426 2441 Oratio.
439 2389 575 2458 Deus,qui
587 2389 694 2444 beatum
710 2391 828 2446 blasium
841 2397 985 2459 martyrem
1000 2395 1074 2442 turam
1303 2393 1390 2449 Simul
1406 2391 1501 2462 impiet
1514 2405 1624 2446 omnem

285 2487 366 2548 atque
376 2479 532 2548 pontilicem
547 2483 719 2552 pontilicatns
738 2481 826 2538 officio
844 2488 873 2535 ct
887 2480 948 2535 lidei
963 2493 1075 2534 munere
1304 2481 1422 2554 Spiritus
1434 2482 1541 2538 urbem.
1563 2481 1659 2536 Amen.

285 2566 445 2630 sublimasti.
462 2571 549 2625 tribue
561 2559 724 2640 supplicibus
744 2571 807 2639 tuis,
819 2580 849 2626 ut
862 2568 989 2640 quidquid
1010 2581 1074 2636 pec·
1162 2573 1259 2645 llqmni
1280 2575 1315 2628 ad
1335 2581 1491 2628 nocturnum
1516 2581 1543 2626 et
1566 2569 1601 2624 ad
1620 2569 1706 2624 laudes
1722 2567 1785 2622 iiden
1796 2570 1826 2638 qai
1841 2570 1858 2623 ir

285 2656 337 2711 eati
354 2659 513 2728 contagione
528 2668 695 2719 contractum
711 2669 752 2716 est
765 2662 791 2716 in
806 2663 894 2727 ateiris,
912 2662 970 2730 ipso
991 2658 1075 2714 iuter·
1125 2667 1207 2737 officio
1218 2681 1297 2735 paruo
1312 2665 1380 2720 beati
1391 2662 1538 2719 Benedicti.

284 2745 397 2802 cedente
408 2741 538 2803 soiratr'tr.
552 2750 612 2806 Per.
1160 2756 1263 2813 Oratio.
1289 2755 1465 2826 Omnipotens
1487 2754 1655 2825 sempiterne
1680 2751 1758 2815 Deus,
1776 2751 1811 2819 qni
1827 2764 1857 2818 pn

303 2851 330 2891 ιι(
349 2852 447 2892 narica
466 2855 560 2897 sanem
580 2857 705 2900 eneconu
724 2860 796 2900 aare
818 2861 853 2899 aa
871 2853 1052 2897 consessurus.
1124 2845 1239 2916 gloriosa
1255 2845 1326 2900 beati
1341 2845 1479 2902 Benedicti
1493 2843 1603 2900 abbatis
1621 2841 1732 2912 exempla
1744 2839 1856 2895 buniliutia

320 2926 423 3010 Oratio.
441 2931 520 2998 licus,
534 2935 579 3002 qul
604 2951 651 3004 por
666 2937 773 2992 beatum
795 2935 952 3004 Gregorium
967 2933 1071 2990 conles·
1124 2935 1284 3006 triumphale
1306 2936 1383 2992 nobis
1404 2937 1456 2992 iter
1469 2935 1628 2998 ostendisti,
1643 2933 1685 2996 da,
1704 2938 1857 3001 quesumus

283 3029 373 3071 sorem
387 3025 462 3074 tunm
478 3030 559 3092 atque
579 3027 734 3094 pontitlccm
748 3025 865 3082 cmlcstis
880 3024 979 3094 eloquii
994 3023 1072 3079 nobis
1122 3025 1194 3080 riam
1205 3024 1253 3082 tibi
1272 3025 1377 3097 placitae
1396 3027 1574 3091 obedientiae,
1588 3039 1636 3096 per
1648 3037 1721 3094 quam
1733 3019 1768 3074 illc
1779 3034 1854 3074 aeneu-
1906 3059 1907 3068 ,

282 3103 449 3164 dulcedinem
471 3113 628 3181 propinasti,
645 3114 753 3172 lamiliae
774 3125 827 3172 tuae
844 3115 962 3171 concede
981 3077 1108 3183 propi·C
1123 3114 1186 3170 bilis
1204 3113 1286 3170 Pater
1297 3115 1397 3172 ittaesus
1411 3115 1609 3180 antecedebat,
1627 3127 1674 3168 nos
1692 3107 1856 3182 praeclarisque

283 3195 337 3254 tius
353 3208 381 3255 et
394 3215 504 3259 seruarc
527 3205 598 3272 quod
620 3206 721 3273 docuit,
743 3215 771 3263 et
794 3205 920 3277 subsequi
935 3219 989 3276 quo
1009 3218 1072 3276 pro·
1122 3205 1227 3262 meritis
1240 3207 1324 3278 adjuti
1342 3208 1400 3263 sine
1413 3221 1507 3263 errore
1518 3207 1720 3276 subsequamur.
1732 3201 1780 3256 Per.

281 3289 374 3346 dessil-
1157 3297 1250 3354 Oratio
1261 3300 1296 3354 ad
1309 3309 1420 3355 aemam.
1435 3299 1528 3355 Sancti
1541 3297 1676 3354 Benedicti
1694 3291 1824 3350 contessoris
1833 3289 1855 3344 tui

461 3401 487 3440 tu
511 3404 609 3444 narrar
629 3406 722 3448 stucrt
742 3405 893 3448 sessorem.
1122 3400 1204 3460 atque
1223 3389 1328 3446 abbatis
1347 3406 1410 3457 nos,
1425 3389 1558 3456 Oonaine',
1576 3385 1789 3458 supplicationibus
1798 3380 1855 3436 tubae

611 3480 737 3552 liptanas
1123 3481 1219 3550 inseri,
1242 3490 1270 3538 ut
1298 3482 1375 3552 catius
1399 3483 1582 3538 uenerabilem
1610 3479 1783 3537 solemnitatem
1803 3474 1854 3528 obse

494 3569 604 3627 Gemma
619 3574 737 3629 coelestis
751 3577 878 3644 pretiosa,
1122 3574 1193 3642 quiis
1220 3573 1403 3641 celebramus,
1430 3575 1489 3646 ejus
1503 3573 1733 3633 intercessionibus
1747 3569 1854 3642 egueritis

460 3659 541 3729 lingis
555 3679 647 3719 norma
661 3667 803 3738 iustorum,
949 3657 953 3666 ’
1122 3662 1351 3718 commendemur.
1368 3661 1429 3719 Per.
1906 3645 1907 3660 ¹

461 3749 510 3805 Via
526 3758 729 3820 monachornm.¹
1158 3751 1250 3809 Oratio
1264 3755 1299 3808 nd
1314 3748 1855 3827 norrcm.beus,quinosbeatillenedictiron·

459 3838 512 3896 b'os
527 3844 562 3897 ab
573 3845 703 3902 immuniti
1123 3841 1283 3911 lessoristui
1302 3843 1409 3900 noluisti
1420 3847 1584 3916 magisteriis
1603 3845 1708 3906 ertrdiri,
1722 3833 1853 3912 ejusatttiil

460 3931 610 3995 Benedicte,
625 3937 715 3993 mundi
1121 3932 1234 4002 dignare
1246 3951 1295 3991 nos
1310 3935 1344 3990 ab
1359 3936 1431 3992 omni
1446 3937 1548 3992 inimici
1563 3936 1654 3992 iraude
1665 3932 1763 4006 protegi.
1775 3927 1819 3982 Per-

459 4019 594 4078 Subtrabe
608 4038 694 4080 coeoo.
1261 4033 1270 4098 p
1289 4043 1320 4083 tn
1338 4043 1500 4084 inmurtons
1517 4043 1626 4084 siseris
1643 4040 1738 4083 caucts.

434 4167 435 4171 ,
498 4110 533 4166 lu
549 4112 635 4168 solum
648 4129 788 4186 spernens,
1348 4116 1469 4188 Hymnus
1483 4119 1518 4172 ad
1541 4133 1681 4190 uesperum.

455 4199 513 4268 'Cor
528 4202 553 4257 in
567 4211 639 4258 astra
653 4205 745 4275 lugens,
1295 4206 1368 4264 Crux
1383 4207 1474 4262 mundi
1490 4207 1563 4262 salus
1578 4206 1672 4278 perditi

457 4291 536 4366 Cogis
551 4296 672 4353 haeredes
1263 4297 1397 4368 Porempti
1412 4297 1466 4353 vita
1482 4298 1588 4364 saectrli,

456 4383 527 4439 Fieri
543 4397 678 4456 parentes,
1263 4387 1347 4454 Qttam
1361 4389 1432 4444 ricta
1448 4399 1566 4444 tremunt
1580 4396 1686 4450 tartara,

454 4477 689 4550 Vasbeopleuun
1262 4476 1603 4548 Coeliuercnturagmina.
1644 4469 1648 4478 ’

458 4567 595 4640 lleparare
609 4571 724 4630 lertctum
1296 4567 1325 4623 ln
1339 4570 1437 4624 tedam
1449 4571 1503 4625 rita
1516 4570 1636 4636 moritur,

455 4659 638 4718 Promemisti.
1263 4658 1357 4714 blortis
1371 4668 1467 4716 catena
1482 4661 1603 4726 soluitm,

499 4749 610 4822 Magnus
625 4753 652 4808 itt
666 4755 768 4825 paruis,
1264 4749 1372 4822 AEgypti
1386 4750 1451 4822 jugo
1466 4751 1541 4807 liberi

457 4837 578 4896 Eremita'
587 4844 716 4902 imperate
1032 4859 1034 4864 ·
1264 4841 1333 4896 l'cre
1344 4849 1408 4896 surtt
1420 4839 1488 4896 lucis
1504 4841 1561 4898 ulit.

457 4925 546 4983 l'incis
556 4941 674 5000 etatem,
1296 4930 1335 4988 'ie
1349 4931 1425 5004 pouit
1438 4930 1524 4988 iudex
1536 4931 1663 4995 omnium,

456 5015 575 5088 Superas
588 5021 703 5082 laborcrr
1262 5023 1330 5079 Cum
1338 5023 1478 5094 judicatur
1491 5023 1585 5080 sollum

457 5109 537 5166 Arete
556 5111 686 5172 districtus
1262 5113 1322 5170 lam
1337 5121 1400 5169 tunc
1412 5113 1503 5170 ltaedos
1517 5115 1551 5169 ab
1561 5114 1651 5168 ouibus

456 5200 617 5258 liuditnenta
630 5206 692 5262 ultan
1264 5206 1393 5276 Segregat
1407 5205 1432 5260 in
1447 5206 1605 5261 latronibus.

455 5290 585 5346 Feruidus
601 5293 705 5362 imples.
1299 5299 1338 5354 Τιι
1351 5299 1443 5355 mundi
1454 5297 1524 5354 indis
1535 5298 1675 5368 principem

489 5379 586 5453 Strage
597 5398 723 5440 saxorum
1262 5390 1329 5444 lium
1346 5390 1425 5459 punis
1441 5389 1643 5460 impassibilem,

455 5471 572 5528 l‘ucnrm
587 5484 754 5546 peremptum
1206 5489 1209 5498 ’
1263 5481 1546 5546 lleusollerresolita,

457 5561 516 5616 llox
532 5572 560 5618 m
578 5568 673 5634 orasti,
1266 5569 1686 5644 Orraenuncdas,anlertspolia.

456 5652 553 5712 Preces
563 5658 708 5730 suscitasti,
1298 5663 1325 5722 lo
1341 5675 1367 5722 te
1382 5675 1516 5724 mactatur
1530 5665 1635 5724 uictima
