3958 6300
103 351 144 407 tto
446 339 590 402 lllSShLE
610 339 743 398 ttttttttt
762 339 836 397 SEC.
858 335 938 396 nce.
960 335 991 394 tt.
1011 333 1145 394 istoottt.
1165 363 1199 376 -·
1220 334 1308 392 ctus
1328 334 1348 390 Ι.
1656 334 1710 388 tio

100 465 190 524 mireris
203 459 384 516 animantibus
396 459 519 513 unirerse
545 453 644 510 cernis.
660 451 699 506 Te
723 452 796 506 euim
819 446 872 503 vidi
887 449 911 509 A
924 461 967 500 res
979 461 1040 500 eum
1052 446 1087 501 ihi
1110 446 1136 500 in
1152 447 1332 502 treiectustom
1357 459 1533 515 superunitur
1554 446 1704 504 minutium:

96 557 184 634 initum
205 570 300 611 eorem
321 568 364 608 me
386 552 413 607 iu
428 539 600 620 generatione
619 545 669 602 hee
685 565 691 598 :
707 553 736 599 nt
758 543 876 599 sciretur
925 549 1003 606 ‘tuem
1014 544 1196 589 ¹¹²⁰¹¹⁵¹i²i0i⁰
1210 535 1266 590 tihi.
1284 535 1364 602 igitur
1381 534 1494 592 Almam
1506 537 1626 596 denucte
1638 555 1705 594 cuu-

97 664 179 708 ,ωηο
192 661 275 718 super
290 643 386 699 taciem
404 641 530 696 universe
546 648 628 693 terre.
647 635 740 692 hdhuc
761 635 876 692 enimet
925 641 1037 697 turpent
1054 625 1148 688 strerit
1174 626 1277 681 asinum
1291 641 1387 682 strum:
1407 628 1508 684 ducens
1534 643 1624 684 seeum
1640 631 1707 686 riuos

96 749 148 812 posi
159 739 217 793 dies
231 745 335 806 septem
352 746 422 803 :eqo
444 730 533 800 pluam
554 741 635 797 super
649 737 746 782 terram
761 723 876 794 qnsdra-
924 713 1035 786 hirenes
1046 734 1053 772 :
1064 726 1090 772 et
1105 714 1178 774 lsnac
1192 716 1275 773 illium
1298 731 1383 774 strum.
1402 717 1522 792 Cumque
1543 723 1706 780 concidisset

95 832 160 901 prta
187 825 286 884 diebus
311 831 340 879 et
361 820 535 892 quadraginta
561 818 708 874 noctibus:
735 827 762 872 et
781 817 877 874 delete
926 805 996 879 ligna
1010 807 1036 864 in
1056 807 1261 865 holocaustum:
1282 810 1347 866 obiit
1366 811 1400 866 td
1414 814 1500 868 locum
1516 828 1595 883 quern
1611 831 1707 885 prece.

95 936 194 977 munem
209 917 479 988 gqpmnqqmquam
501 913 552 970 sepi
577 913 611 970 (ιο
632 910 774 982 superficie
795 919 874 966 serre.
926 903 1036 972 perstei
1051 899 1129 958 heus.
1155 902 1304 958 Dieoutem
1326 904 1706 966 tertioeleratisectitisridit

96 1011 163 1068 ierit
179 1025 247 1082 erqo
269 1007 324 1064 iios
338 1007 429 1063 omnin
444 1022 497 1079 qne
514 1005 686 1061 mandaverat
697 1003 723 1058 ei
738 1003 873 1058 Dominus.
925 990 1012 1048 lucum
1029 993 1130 1061 procul.
1151 992 1272 1064 Dixitque
1286 992 1319 1048 ad
1333 1009 1430 1064 pueros
1454 1009 1529 1053 suos.
1547 997 1707 1067 Exspecttte

97 1101 255 1170 iactentque
276 1108 319 1155 est
333 1097 462 1154 diluvium
480 1114 487 1150 :
510 1105 538 1152 et
559 1095 660 1150 delerit
684 1109 791 1148 omnem
813 1091 878 1148 suh·
927 1083 969 1139 hic
983 1084 1151 1140 cutnatino:
1171 1099 1222 1156 ego
1242 1093 1269 1140 et
1282 1100 1347 1154 puer
1361 1087 1454 1144 vadam
1468 1087 1531 1144 illuc
1545 1105 1628 1160 usque
1644 1109 1710 1158 prn-

97 1191 213 1248 ppqqam
226 1209 234 1246 :
248 1207 300 1260 qne
313 1198 372 1246 mi
381 1202 465 1258 super
478 1195 590 1244 roffam,
602 1183 719 1242 Adduxit
729 1199 792 1240 vero
804 1183 876 1238 neu,
927 1182 1060 1244 perantes.
1076 1173 1217 1244 Postquam
1239 1174 1438 1232 adoraverimus
1452 1195 1460 1232 :
1487 1191 1653 1236 reuertentur
1675 1182 1709 1238 ad

98 1279 212 1351 ,911qu
237 1295 318 1350 ,uper
343 1290 441 1335 gemm
457 1283 507 1332 :pq
519 1275 659 1332 qmqqnuqe
678 1284 740 1332 ,unq
759 1289 828 1344 aque
850 1283 877 1330 eq
926 1276 993 1319 ros:
1008 1262 1079 1318 Tulit
1091 1277 1195 1333 qnoque
1210 1264 1280 1334 ligne
1300 1264 1449 1324 holocausti
1466 1286 1473 1322 :
1490 1279 1518 1325 et
1528 1270 1652 1342 imposuit
1667 1289 1711 1329 su·

99 1369 224 1442 prohibite
247 1377 310 1424 enm
336 1367 425 1438 pluvie
447 1367 482 1422 de
507 1366 586 1420 celo:
611 1363 792 1433 requievitque
814 1377 877 1418 aren
928 1367 974 1424 pcc
989 1351 1060 1407 issac
1074 1351 1156 1406 lilium
1170 1369 1257 1408 sunm.
1273 1355 1400 1422 lpsercru
1416 1360 1573 1425 portrthetlu
1587 1364 1710 1420 matribus

100 1461 137 1517 die
155 1461 280 1532 septltno.
295 1460 426 1529 Aperiens
447 1457 503 1513 Noe
517 1457 660 1512 fenestram
674 1469 736 1510 arce
747 1469 826 1524 qnam
840 1453 878 1510 ie·
926 1442 1014 1513 ignem
1027 1452 1054 1497 et
1066 1442 1193 1512 gladium.
1219 1445 1337 1514 Cumque
1362 1446 1415 1504 duo
1438 1463 1580 1520 pergerent
1606 1453 1711 1510 strunt:

100 1556 187 1608 mg
203 1547 305 1604 qquqsqq
324 1563 444 1605 corvum,
461 1545 510 1614 Quq
521 1545 729 1616 egquqepqqqfo
744 1555 770 1599 eq
785 1557 877 1599 sever.
927 1530 994 1587 dirit
1005 1531 1078 1589 lsaee
1101 1533 1170 1602 putri
1189 1549 1238 1590 suo
1255 1553 1261 1588 :
1278 1535 1357 1593 l‘ater
1380 1539 1432 1594 mil
1452 1542 1487 1596 tt
1509 1542 1555 1606 itte
1562 1547 1711 1615 respondit.

101 1643 197 1696 teoater
209 1639 297 1694 dunee
318 1642 484 1694 siccarentur
495 1651 564 1706 aque
583 1651 665 1707 super
680 1647 789 1692 terrain.
806 1633 878 1690 Emi·
927 1626 995 1694 Quid
1010 1630 1051 1683 vit
1065 1627 1125 1683 filil
1152 1629 1219 1685 Ecce
1244 1628 1328 1698 inquit
1351 1633 1418 1702 ignis
1431 1643 1458 1690 ct
1485 1634 1575 1704 liqna:
1599 1637 1644 1692 uhi
1670 1649 1714 1696 est

101 1733 130 1788 tlt
142 1739 245 1802 quoqne
258 1729 410 1784 columbum
434 1735 493 1798 post
507 1742 568 1783 eum
585 1745 592 1781 :
618 1735 646 1780 ut
666 1723 770 1780 rideret
785 1723 808 1778 si
819 1721 875 1794 jem
926 1713 1032 1772 uictima
1048 1715 1219 1774 holocausti?
1236 1720 1548 1782 distrahendorum.
1568 1729 1635 1784 [teus
1652 1745 1714 1798 pro·

102 1831 238 1878 manem
254 1834 324 1890 sque
337 1833 417 1890 snper
431 1817 524 1875 faeiem
549 1827 630 1874 terre.
657 1817 715 1886 Que
736 1829 796 1874 cum
822 1830 875 1870 uon
890 1787 914 1848 Β
929 1809 1029 1866 tidehit
1042 1811 1091 1865 sihi
1112 1809 1247 1868 rictimnm
1268 1812 1416 1872 holocausti
1440 1817 1476 1872 titt
1490 1819 1535 1874 mi.
1564 1819 1713 1890 Perpchant

101 1909 235 1966 irretisset
250 1909 294 1964 uhi
306 1909 485 1976 requiesceret
498 1920 545 1978 pes
556 1906 614 1977 ejus
630 1923 637 1962 ε
652 1921 760 1962 reversa
778 1915 820 1961 est
843 1903 877 1960 od
928 1916 992 1972 erqo
1003 1903 1101 1971 pariter
1116 1919 1122 1956 :
1136 1914 1319 1973 tenerumque
1333 1906 1367 1962 ed
1391 1907 1475 1963 lucrum
1496 1928 1504 1964 ι
1526 1927 1606 1981 quem
1621 1924 1712 1969 osteu-

101 2013 156 2055 euro
169 2000 195 2054 in
208 2013 308 2054 arreni.
329 1997 505 2068 Extenditque
530 2011 659 2052 manum:
682 2004 708 2050 et
727 1996 878 2066 apprehen-
927 1989 1002 2047 deret
1016 1991 1041 2046 ci
1055 1991 1133 2047 heus.
1151 1991 1178 2047 tn
1203 2009 1257 2064 quo
1269 1995 1402 2051 editicarit
1425 1998 1508 2055 altare
1524 2018 1529 2054 :
1545 2013 1573 2056 et
1593 2002 1710 2070 desuper

99 2103 151 2144 san
163 2088 247 2144 intulit
262 2087 289 2142 in
301 2102 401 2144 amru.
425 2087 575 2158 Expectatis
588 2095 676 2142 eutem
691 2087 758 2141 ultro
773 2096 875 2155 septem
926 2083 996 2156 liqna
1020 2087 1180 2154 conrpmnit.
1204 2083 1324 2158 Cumque
1345 2090 1506 2156 conhqnsset
1529 2093 1603 2150 israe
1625 2096 1708 2152 ditum

101 2181 186 2236 diebus
197 2181 275 2235 aliis:
299 2193 405 2235 rursum
419 2178 521 2235 dimisit
539 2178 739 2235 columbenses
754 2194 826 2234 orca.
843 2183 878 2234 ht
925 2187 1003 2230 suum
1018 2193 1024 2228 :
1040 2175 1126 2246 posuit
1141 2193 1201 2233 eum
1221 2177 1247 2234 in
1260 2180 1344 2235 eitnre
1356 2191 1546 2250 superstructo
1562 2186 1706 2257 liquorum.

101 2271 141 2327 itia
166 2269 278 2328 reoitsd
301 2286 363 2328 sum
388 2269 423 2326 ad
451 2285 615 2342 vesperum:
640 2277 748 2341 portans
772 2285 878 2326 rdinum
926 2265 1107 2340 Extenditque
1118 2285 1225 2326 manum
1240 2281 1268 2326 et
1286 2272 1395 2343 erripuit
1410 2275 1527 2344 qlsdiutn
1545 2295 1552 2330 :
1569 2285 1598 2333 ut
1612 2279 1707 2336 imme-

101 2363 166 2418 otire
184 2361 329 2418 virentibus
348 2359 419 2417 loliis
441 2361 468 2416 in
492 2374 539 2416 ore
561 2373 619 2416 suo.
636 2361 726 2430 '180
746 2358 877 2414 intellexit
926 2359 1086 2417 huetdiinm
1101 2378 1188 2420 stium.
1212 2364 1246 2420 Ει
1264 2379 1326 2422 ecoe
1347 2367 1459 2438 angelus
1475 2367 1578 2426 hurnini
1593 2373 1627 2428 de
1649 2375 1708 2431 ceto

101 2469 160 2524 erqo
172 2455 299 2526 hocquod
309 2463 460 2511 cessassent
473 2469 539 2524 aque
549 2467 629 2524 super
644 2462 752 2509 terram.
769 2451 877 2518 usqe-
926 2451 1051 2506 ciainerit
1074 2452 1175 2508 dicens.
1199 2453 1314 2509 hhrnam
1341 2455 1466 2512 Abrsrm.
1490 2458 1540 2528 dut
1562 2466 1710 2534 responde,

101 2546 167 2600 ricus
180 2557 273 2602 tectum
287 2561 349 2602 erce
367 2547 498 2617 aspexit:
521 2547 638 2615 riditqne
652 2545 721 2614 qnod
743 2543 877 2599 ereiccas·
927 2541 1037 2596 Adsum.
1056 2541 1177 2612 liiritque
1196 2544 1231 2599 ei.
1249 2544 1306 2600 tion
1317 2547 1448 2602 estertdas
1462 2565 1568 2606 tttttttttn
1581 2562 1652 2607 tuum
1666 2569 1712 2610 su·

103 2647 140 2693 tet
159 2637 308 2710 supcrhries
336 2648 417 2695 terro.
441 2637 557 2694 Locutus
579 2646 621 2694 est
634 2647 721 2692 autent
750 2635 877 2690 hettinus
927 2644 975 2702 per
989 2645 1100 2700 puerunt
1116 2650 1123 2685 ε
1141 2648 1228 2703 neque
1245 2633 1326 2690 lacius
1341 2637 1378 2690 iiii
1393 2639 1545 2710 quicqum.
1565 2641 1641 2698 Nurtc
1662 2661 1712 2700 co·

102 2729 132 2781 td
145 2727 197 2783 doe
208 2731 310 2784 dicens.
325 2729 459 2798 iiqredere
479 2729 513 2782 de
530 2739 591 2782 arcs
610 2737 636 2780 tu
650 2735 677 2781 et
689 2737 755 2780 uror
771 2734 812 2778 tus
828 2739 835 2778 s
849 2731 877 2780 et
927 2725 1005 2794 gnoti
1020 2723 1090 2793 quod
1103 2725 1197 2780 timens
1209 2724 1290 2780 heum
1305 2743 1311 2778 :
1329 2734 1358 2782 et
1369 2744 1421 2782 nrm
1434 2732 1576 2798 pepercisti
1599 2733 1653 2790 lilio
1668 2745 1714 2790 tntu

104 2818 146 2872 tnt
159 2819 334 2875 trietutores
351 2819 466 2874 liliorum
481 2825 586 2873 tuorum
602 2825 688 2872 tecmn
705 2822 886 2896 :cunctique
928 2813 1067 2882 unigenito
1081 2824 1190 2883 propter
1211 2829 1264 2870 me.
1288 2807 1449 2888 heraritquc
1470 2820 1583 2878 threant
1599 2825 1689 2880 oculus
1706 2845 1714 2880 t

103 2908 298 2980 minantisque
311 2917 374 2964 sunt
389 2909 457 2976 apud
470 2917 536 2962 teet
552 2907 624 2962 omni
639 2921 727 2963 conte.
746 2905 876 2976 Egressus
927 2901 1046 2974 uiditque
1060 2913 1120 2974 post
1142 2915 1244 2976 tergum
1263 2905 1374 2962 arietem
1401 2909 1470 2965 inter
1483 2927 1596 2982 vepres:
1618 2915 1715 2974 heren·

103 2999 244 3069 epodos:
272 3000 335 3056 iecit
356 3008 385 3055 ut
406 2999 510 3056 dixerat
531 2999 558 3056 ei
582 2983 662 3055 heus.
685 2997 877 3068 Editicaritque
929 3002 981 3049 tem
992 2993 1118 3050 cornihus
1128 2995 1194 3050 suis.
1209 2996 1293 3064 Quem
1303 2996 1447 3054 adsumens
1463 3001 1713 3062 :ohtutithnlueum

103 3089 363 3146 aluredomiuoeet
387 3090 482 3145 tollens
506 3089 541 3146 de
564 3087 665 3144 cunctis
686 3088 826 3158 pecoribus
847 3093 875 3143 et
929 3092 999 3140 stunt
1021 3099 1070 3154 pro
1096 3085 1160 3140 tilio.
1186 3085 1388 3154 Appellaritque
1412 3103 1510 3144 nornen
1535 3091 1587 3147 tuci
1615 3093 1711 3152 illius:

103 3181 242 3239 volucribus
253 3182 380 3239 mundis:
398 3181 493 3238 ohtuiit
513 3183 667 3237 holttcsusta
685 3193 765 3249 snper
778 3179 875 3236 altare.
929 3175 1057 3232 horninur
1066 3175 1147 3232 ridet.
1160 3173 1236 3232 Unde
1250 3191 1333 3248 usque
1347 3176 1425 3234 hodie
1439 3179 1554 3236 dicitur:
1571 3184 1598 3238 iu
1622 3194 1714 3244 oronte

102 3275 277 3348 comtusque
288 3285 331 3333 est
349 3275 477 3332 Dominus
490 3273 601 3332 odorem
619 3271 768 3329 suscitetis.
928 3265 1057 3322 hominm
1072 3265 1179 3322 ridebit.
1201 3266 1311 3323 ioenrit
1336 3277 1426 3324 sutem
1449 3265 1576 3326 Dominus
1598 3273 1711 3330 threan

142 3365 178 3432 ri.
201 3369 294 3421 tinen.
927 3357 1046 3416 secondo
1064 3359 1098 3415 de
1120 3357 1180 3414 celo
1203 3359 1308 3416 dicens.
1335 3359 1386 3416 Per
1413 3361 1600 3434 memetipsum
1622 3364 1736 3436 iurari¹

137 3453 204 3509 hicn
223 3453 395 3510 disemos.»
418 3453 471 3510 Pro
492 3452 533 3509 his
553 3453 693 3525 quinariis
709 3453 877 3511 necessitati·
926 3449 991 3506 dicit
1006 3448 1155 3504 nonninus:
1174 3450 1235 3521 quia
1251 3449 1336 3505 tectstt
1348 3465 1404 3506 rem
1422 3453 1513 3508 itanc:
1539 3463 1567 3510 et
1591 3471 1643 3510 uon
1667 3473 1713 3526 pe·

103 3543 252 3601 testeum
273 3545 395 3614 :pasche
409 3545 539 3600 interesse
559 3559 611 3599 non
632 3553 752 3616 possunt.
769 3543 876 3602 dlecta-
927 3543 1033 3612 nescisti
1049 3541 1104 3598 hlio
1120 3549 1164 3596 tuo
1185 3539 1321 3612 unigenito
1341 3551 1450 3612 propter
1468 3559 1532 3599 me:
1558 3545 1712 3602 benedicam

103 3634 382 3705 superueniente.
928 3632 975 3688 tibi
992 3641 1037 3687 :et
1048 3629 1229 3702 multiplicabo
1243 3647 1335 3688 semen
1360 3641 1433 3688 tuum
1450 3635 1518 3688 sieut
1530 3636 1621 3691 stellas
1634 3637 1685 3692 ccli
1705 3656 1712 3692 :

138 3724 229 3782 lintis.
250 3727 429 3796 deprecamur
451 3734 478 3780 te
498 3725 577 3781 Peter
600 3733 693 3783 eterne
707 3725 877 3796 omnipotens
927 3732 955 3780 et
965 3723 1036 3780 reiut
1049 3737 1158 3779 arenam
1171 3737 1223 3794 que
1235 3735 1276 3780 est
1300 3723 1327 3780 in
1343 3721 1431 3780 littore
1451 3725 1542 3781 maris.
1560 3724 1711 3786 Possidehit

106 3812 170 3870 llere
180 3829 226 3884 pro
241 3815 283 3871 tals
298 3833 305 3870 ε
320 3815 365 3885 qui
388 3817 502 3871 dirersis
527 3815 732 3872 necessitutibus
755 3815 875 3874 detenti:
926 3829 1018 3871 semen
1031 3823 1105 3870 tuum
1119 3825 1208 3884 portas
1229 3815 1396 3871 inimicorum
1407 3830 1517 3872 sucrum
1533 3836 1542 3871 ι
1561 3826 1590 3874 οι
1602 3819 1713 3877 hettedi·

107 3905 253 3962 eternitate
276 3906 395 3978 pnechah
418 3905 548 3966 interesse
571 3921 624 3962 non
651 3917 815 3962 meruerunt.
843 3905 877 3964 m
926 3916 1020 3964 centur
1030 3907 1057 3963 in
1071 3907 1174 3964 senrine
1192 3913 1239 3963 tuo
1253 3921 1346 3963 omncs
1360 3917 1453 3980 pentes
1465 3918 1558 3967 terre:
1573 3913 1633 3980 quin
1647 3911 1712 3968 ohe·

107 3997 263 4069 quieqaudlo
283 3999 447 4070 presentium
473 4007 536 4054 sont
558 4007 702 4056 exsortes:
722 4009 877 4056 mereantur
926 3997 990 4054 disti
1010 3999 1070 4054 toci
1092 4011 1163 4054 mee.
1188 3997 1322 4054 Reuersus
1346 4007 1389 4055 est
1418 3999 1530 4055 tomam
1554 3997 1587 4055 ad
1614 4015 1714 4069 pueros

107 4097 242 4146 uiuorum
260 4087 469 4146 nen'tlsadesse
484 4089 635 4160 participes.
649 4087 683 4145 lh
705 4091 777 4146 sicut
788 4092 877 4160 passio
925 4101 990 4145 eoos
1003 4086 1190 4160 :abieruntque
1202 4087 1319 4146 Bersabe
1329 4087 1408 4145 sinaut
1424 4105 1431 4143 ε
1445 4099 1474 4146 et
1486 4087 1616 4145 hesitavit
1627 4089 1674 4149 itu.

108 4179 219 4250 uuiqeuiti
232 4179 276 4235 titt
292 4181 330 4236 tui
344 4178 448 4236 liomini
464 4179 548 4236 nostri
563 4194 612 4250 pro
630 4181 775 4238 multorum
788 4180 876 4238 stiote
968 4178 1008 4248 ti.
1026 4177 1123 4234 Amen.
1685 4177 1686 4181 ’

108 4271 230 4328 occurrit:
245 4275 278 4328 itu
292 4281 321 4330 et
333 4273 382 4328 hee
395 4273 536 4328 celebritas
550 4287 639 4328 autrue
656 4271 828 4329 festivitatis:
849 4281 876 4332 et
961 4265 1038 4322 Dt'cdl
1052 4266 1191 4322 meos.
1209 4275 1221 4306 ⁸
1238 4265 1292 4324 Pto
1305 4263 1496 4325 &cetimum
1516 4281 1549 4324 ²0
1569 4268 1711 4329 ministris.

108 4362 257 4428 necentur
271 4363 370 4422 tribuat
384 4363 494 4432 gloriam
510 4381 517 4416 ι
538 4370 566 4418 οι
587 4363 743 4431 ahseruihus
755 4363 877 4421 conterat
927 4361 1077 4418 flectamus
1089 4375 1186 4430 penna.
1211 4359 1321 4417 herste

110 4450 210 4508 teriam.
229 4453 266 4512 ri.
281 4457 375 4508 tmetr.
388 4452 439 4508 Per
451 4453 662 4524 misericordiam
686 4465 756 4512 trinus
780 4456 850 4518 oeus
865 4475 873 4513 ε
891 4478 916 4542 0
966 4453 1068 4511 Oratim
1088 4451 1246 4510 sacedotes
1257 4461 1316 4507 tuos
1334 4450 1446 4507 Domine
1459 4451 1540 4508 ltrdue
1551 4450 1685 4524 justiciam
1704 4474 1711 4510 :

110 4545 147 4608 qni
157 4544 215 4600 ritis
225 4558 251 4600 et
262 4545 351 4600 omitia
364 4545 434 4616 repis
449 4544 578 4602 insecuta
592 4548 758 4606 seculorum.
928 4558 956 4604 et
969 4544 1083 4602 ministri
1097 4543 1134 4599 tui
1149 4541 1273 4598 letentur.
1288 4539 1351 4596 iilos
1371 4542 1498 4598 doctrinis
1510 4552 1538 4599 et
1553 4542 1605 4600 rite
1622 4561 1714 4602 exere·

146 4633 178 4704 ri.
195 4635 288 4692 tmen.
926 4637 978 4708 plis
992 4633 1136 4692 munite:
1157 4633 1206 4688 hus
1220 4631 1368 4689 sanctitatis
1385 4633 1459 4689 culm
1484 4633 1617 4706 ottdtqne
1639 4639 1713 4693 tecu-

222 4727 305 4782 terto
319 4727 379 4784 tttrt
402 4725 507 4784 Genesis
520 4731 547 4798 (ι
560 4728 625 4802 cop.
641 4727 752 4802 dxii).
927 4727 1018 4799 pieta:
1034 4735 1064 4782 ut
1076 4725 1138 4780 dum
1151 4722 1257 4794 utrique
1269 4737 1285 4779 a
1300 4731 1327 4780 te
1340 4731 1483 4794 suqmente
1503 4727 1629 4783 uirtutum
1651 4745 1712 4800 per·

145 4815 177 4885 ti.
196 4817 246 4874 lieo
264 4817 373 4888 petias.
927 4825 1074 4889 ceperunt:
1089 4815 1149 4872 stne
1171 4811 1318 4872 offensione
1341 4815 1395 4870 tuis
1421 4817 1498 4889 181
1526 4819 1653 4877 altaribus
1672 4823 1712 4878 ta.

139 4905 337 4963 hittisdlehus.
353 4905 515 4979 ‘ioquntus
540 4917 581 4962 est
602 4909 730 4966 [tremidus
760 4909 794 4965 sd
822 4911 878 4967 th·
927 4911 1070 4966 uiolentur.
1097 4907 1136 4976 ri.
1157 4905 1266 4962 Chorus.
1288 4906 1383 4962 dinen.
1409 4905 1484 4960 ltrrnt
1506 4905 1643 4965 Presdtter.
1662 4911 1714 4968 Per

111 5009 170 5051 nam
192 4997 291 5056 dicens.
315 4997 430 5054 dhraom
452 5000 576 5056 hhrsam.
608 5001 875 5071 dtiilerespondtt.
927 4997 1219 5056 ntisericordisnrtunm
1231 4997 1711 5066 Deosnosterzqnltivisctumnia

111 5084 194 5142 thret
205 5105 212 5141 τ
225 5090 269 5144 hit
281 5088 418 5146 iith'fuile
431 5089 514 5145 titium
529 5099 602 5146 tumn
618 5093 781 5162 unigenitum
796 5109 876 5163 quent
928 5093 999 5163 regie
1010 5092 1036 5146 in
1051 5091 1141 5147 secula
1162 5089 1322 5147 seculorum.

111 5175 181 5249 iiliqia
191 5179 261 5236 isaac
274 5199 282 5236 :
297 5191 325 5238 et
337 5181 404 5237 rade
418 5183 556 5238 interram
571 5183 702 5239 sisinnio:
718 5192 798 5254 atque
811 5185 878 5240 ulle-
970 5185 989 5252 q
1016 5187 1112 5239 huten.

113 5340 148 5454 v·
165 5333 197 5389 lit
212 5335 392 5392 resertedater.
413 5334 450 5392 lta
472 5335 553 5391 liehr.
570 5345 598 5392 et
614 5335 696 5420 hrah.
717 5333 819 5408 legunt.
842 5337 879 5394 ht
927 5341 1011 5424 (Gen.
1030 5356 1085 5408 ru,
1110 5339 1201 5406 loru,
1221 5337 1319 5412 i·2d);
1341 5347 1436 5411 quarta
1454 5347 1496 5398 est
1516 5339 1551 5398 de
1575 5339 1708 5402 hhralmnt

129 5401 337 5531 'llssllrffilhs
357 5408 674 5545 rzipppnressepppeipptpzt
685 5475 807 5548 quintam
822 5476 877 5532 lec·
927 5410 1215 5549 1ngl'0¹⁶¹'trfrr¹r.·¹isi¹a''q„
1227 5481 1337 5536 irriserit.

29 5527 32 5630 l
110 5541 193 5600 tieoenr
207 5554 284 5600 orent
298 5561 346 5614 pro
367 5545 408 5600 tie
426 5548 468 5614 qui
488 5555 585 5600 sancte
605 5547 735 5615 fertissimi
755 5547 876 5602 interesse
963 5549 1045 5607 otoo
1060 5551 1242 5608 sacerdotum
1269 5551 1296 5605 in
1311 5548 1455 5606 ttrationsli
1471 5549 1586 5606 Gotnteo
1604 5549 1637 5606 ad
1657 5560 1711 5608 ter·

108 5625 149 5666 tot
162 5625 274 5681 mutes
289 5615 358 5670 iotae
371 5629 437 5683 quos
450 5625 569 5684 οοτοιοο
583 5615 825 5686 comprehendunt.
927 5625 991 5679 tiam
1012 5623 1160 5678 orationem
1180 5620 1279 5675 eternas
1295 5619 1424 5677 diaeonus
1445 5637 1452 5674 ε
1471 5617 1523 5674 Pro
1540 5625 1712 5680 mendositas

136 5684 221 5748 wop.
235 5682 332 5738 titii.
350 5683 425 5739 Vere.
443 5686 517 5740 t-ts.
532 5685 699 5741 lectionario
710 5686 873 5742 Luroriettd
926 5703 950 5750 er
960 5692 1082 5750 ministris
1092 5705 1222 5764 meremor
1234 5690 1382 5744 vomuerat.

25 5757 27 5808 t
106 5749 165 5808 ltine
181 5753 311 5812 lectiones
332 5756 424 5826 prime
444 5756 591 5822 tehotmu3
611 5756 688 5812 tertia
706 5765 749 5812 eat
765 5755 799 5812 de
817 5757 874 5814 ttoe
