3964 6306
74 333 139 390 781
454 326 599 386 tttssatt:
618 325 752 384 tttllttlat
772 325 847 384 ΒΕΘ.
869 323 947 382 REG.
968 325 1000 380 tt.
1020 323 1153 410 lslbtlnt.
1174 355 1209 372 ·-
1228 326 1315 384 Pstis
1333 327 1366 384 il.
1662 333 1714 389 τεῇ

72 452 196 506 Ιιιιιειίι
217 446 354 504 brachium
374 460 462 502 mum.
475 454 488 480 ¹
504 445 627 501 (iustruit
642 463 649 498 ι
663 446 726 516 quia
743 445 810 499 bona
834 451 874 497 εει
889 445 911 502 Α
926 449 955 494 ut
967 439 1090 509 cognomi
1102 439 1173 511 quud
1193 440 1316 496 accubuit
1329 441 1354 494 in
1369 441 1448 494 duom
1472 439 1588 498 Pharisei
1605 447 1711 502 :muniit

74 541 241 612 negociatio
260 538 318 608 eins
334 553 341 592 ι
356 552 409 592 oon
429 537 599 606 extinguetur
619 538 646 592 io
669 546 747 593 noete
768 537 877 593 lucerna
927 533 1089 591 stammam
1114 534 1251 604 unguenti.
1276 535 1309 589 Et
1332 543 1407 588 stans
1436 543 1508 590 retro
1528 550 1606 592 secus
1632 539 1714 606 pedes

73 629 172 686 illius.
186 629 291 684 danum
314 643 391 684 suam
406 627 477 684 misit
498 628 532 682 sd
557 626 635 682 sortia
652 637 701 683 :et
722 625 796 696 digiti
818 626 877 696 ejus
927 625 985 696 ejas
1001 643 1009 680 z
1023 625 1166 698 lachrymis
1180 627 1251 695 cepit
1270 627 1357 697 rigare
1379 626 1459 696 pedes
1473 623 1532 696 eim
1547 646 1554 682 ι
1568 639 1595 684 ει
1609 631 1713 701 capillis

73 720 329 790 apprehenderunt
343 718 441 774 iusum.
455 719 563 774 llanum
576 731 651 773 auam
665 719 769 788 aperuit
786 717 875 788 inopi:
927 716 1023 783 captiuis
1041 714 1081 770 sui
1107 715 1225 786 tergebat
1239 732 1247 770 :
1260 725 1288 772 ct
1299 715 1468 771 osculabatur
1489 719 1571 786 pedes
1591 719 1650 791 rjais
1664 741 1670 776 :
1685 734 1714 779 st

72 821 113 866 et
136 811 242 879 palmas
266 823 328 866 suaa
341 809 465 865 ostendit
478 810 511 864 ad
531 823 673 879 pauperes.
694 807 751 864 llon
772 807 877 864 timebit
927 812 1061 875 unguento
1073 804 1198 876 ungebat.
1212 803 1408 860 Videosantem
1423 805 1563 865 Phariaene
1577 811 1621 880 qui
1635 826 1713 866 rocs-

73 899 182 958 namna
191 914 240 958 aue
252 915 266 954 a
278 897 425 970 frigoribus
439 900 508 956 niria
522 916 529 954 :
543 889 638 956 omncs
654 899 726 954 esaim
737 896 876 954 donumdei
927 905 1001 952 rorat
1013 910 1074 951 eum
1087 913 1095 950 a
1108 897 1145 950 ait
1158 893 1228 950 intra
1241 909 1272 951 se
1287 895 1388 950 diceus.
1405 893 1452 951 llic
1462 896 1486 952 ai
1500 905 1572 954 esset
1583 901 1712 969 propbeta

71 993 147 1062 οείιε
165 991 255 1050 restiti
269 1003 333 1048 susat
345 992 507 1062 duplicibus.
521 991 699 1062 stragulatam
715 999 816 1048 restem
835 990 876 1047 le·
926 989 1008 1044 sciret
1021 991 1111 1060 ntique
1125 1007 1131 1044 ι
1147 1004 1199 1059 que
1211 997 1240 1046 et
1260 988 1345 1060 qualis
1365 995 1407 1044 est
1423 987 1519 1045 mulier
1533 1009 1540 1046 :
1554 1005 1606 1062 qne
1630 994 1715 1066 tangit

72 1085 121 1141 cit
136 1086 191 1140 sibi
207 1086 322 1150 :bassus
336 1093 363 1140 et
378 1098 493 1154 purpura
513 1083 695 1140 indumentum
707 1081 776 1152 eius.
797 1081 877 1138 llobl·
927 1094 988 1137 eum
1000 1097 1007 1134 :
1020 1081 1081 1150 quia
1097 1079 1230 1152 peccatrix
1243 1089 1294 1137 est.
1317 1081 1350 1136 lit
1367 1080 1532 1152 respondens
1551 1081 1630 1138 lesus
1648 1085 1715 1140 ditat

73 1176 159 1236 lisia
174 1179 258 1246 portis
267 1178 307 1232 ιιι
316 1177 374 1246 eiua
389 1193 397 1231 :
412 1176 518 1247 qusudo
528 1173 628 1232 sederit
636 1189 698 1231 cum
709 1173 876 1230 senatoribus
926 1171 960 1228 ad
975 1171 1060 1229 tltnm.
1082 1171 1182 1244 Symon
1205 1169 1291 1229 babeo
1310 1170 1356 1230 tibi
1378 1173 1477 1244 aliquid
1490 1174 1590 1231 dicere.
1614 1175 1648 1232 Αι
1669 1175 1714 1232 ills

74 1279 171 1326 terre.
184 1268 339 1340 syndonem
354 1267 458 1324 incitet
471 1265 589 1324 rersdldit
605 1283 613 1320 a
626 1273 656 1322 et
672 1267 807 1336 cingulum
821 1273 876 1321 tra·
926 1262 974 1318 ait.
985 1261 1112 1334 llagister
1124 1263 1167 1320 dic
1180 1280 1188 1316 ι
1204 1271 1231 1319 et
1243 1263 1292 1318 ait.
1307 1263 1364 1320 buo
1373 1263 1506 1320 rlebitores
1519 1275 1596 1324 erant
1607 1268 1711 1324 cuidam

73 1359 156 1416 didit
184 1359 340 1416 Clraoaueo.
363 1357 503 1414 Fortitudo
525 1366 553 1414 ει
581 1358 665 1414 decor
691 1356 875 1412 indumentum
929 1355 1074 1414 lamentari
1090 1373 1097 1410 :
1114 1347 1182 1412 unos
1195 1355 1612 1431 debebatdenariosquingentoa
1626 1377 1633 1413 :
1646 1360 1713 1416 alins

72 1449 168 1520 ejus:
189 1460 217 1506 et
229 1449 328 1504 ridebit
349 1448 375 1504 ia
389 1448 434 1506 die
448 1447 606 1502 nurimlmo.
625 1445 661 1503 ba
675 1459 754 1503 auum
772 1444 877 1515 aperuit
927 1449 1128 1520 quinquaginta.
1152 1445 1209 1504 lion
1233 1446 1390 1502 habentibus
1411 1446 1464 1502 illia
1483 1449 1554 1506 unde
1574 1449 1711 1506 reddere:

75 1541 220 1610 ”pientia
234 1557 241 1594 ι
256 1549 284 1596 ει
304 1542 346 1595 lea
360 1538 501 1596 clementie
515 1537 542 1594 in
557 1539 647 1610 lingua
659 1540 727 1607 elus.
748 1536 876 1600 Gnosida·
925 1537 1033 1594 donarit
1047 1538 1178 1606 utrisque.
1191 1536 1256 1604 Quis
1266 1551 1329 1610 ergo
1341 1549 1403 1593 eum
1415 1537 1473 1607 plus
1483 1537 1585 1608 magist
1596 1539 1714 1610 Respon-

76 1633 156 1687 rsrit
168 1635 279 1688 semitm
292 1631 386 1688 domus
397 1647 445 1688 sue
459 1649 468 1688 ι
482 1639 510 1690 et
523 1645 617 1704 panem
627 1630 641 1672 b
652 1632 745 1690 ociosa
759 1648 813 1690 non
826 1648 874 1690 co·
926 1631 992 1688 dena
1006 1631 1107 1702 symon
1122 1631 1198 1688 dixit.
1212 1630 1315 1688 astina
1331 1649 1338 1686 :
1352 1629 1413 1702 quia
1429 1631 1453 1688 is
1465 1633 1507 1688 cui
1520 1633 1578 1704 plus
1592 1634 1711 1690 donarit.

77 1721 182 1779 medo.
197 1720 374 1778 surrexerunt
388 1721 434 1776 lilii
447 1721 505 1790 eius
520 1738 529 1778 a
542 1732 569 1778 et
582 1721 762 1780 beatissimam
784 1724 874 1795 predi·
926 1723 962 1778 at
974 1722 1018 1780 ille
1028 1707 1106 1778 di'sit.
1122 1721 1204 1780 ilecto
1213 1723 1348 1792 iudicasti.
1364 1723 1397 1780 Et
1411 1739 1558 1782 conserens
1571 1728 1604 1782 atl
1618 1728 1714 1786 mulie·

77 1821 218 1870 caverunt
230 1829 238 1866 ι
252 1814 293 1868 sir
310 1813 369 1882 eiua
382 1822 410 1870 et
427 1814 544 1870 laudarit
557 1827 627 1870 eam.
643 1813 723 1870 llulte
737 1814 789 1871 illie
810 1828 875 1871 con·
889 1787 913 1848 Β
927 1828 984 1868 rem
1000 1831 1007 1868 τ
1022 1813 1090 1871 tlisit
1103 1813 1225 1885 symoni.
1243 1813 1322 1870 Vides
1347 1809 1414 1870 hauc
1438 1818 1597 1874 muliereml
1618 1821 1713 1878 intrari

77 1911 266 1976 gregarernnt
278 1904 382 1960 diritius
398 1922 405 1958 :
421 1912 448 1960 tu
468 1913 556 1960 autem
576 1918 748 1976 supergressa
765 1919 794 1962 cs
815 1905 875 1960 uni·
926 1907 953 1962 in
967 1907 1075 1962 domum
1089 1914 1161 1962 tuam
1175 1923 1182 1960 :
1197 1919 1292 1976 aquam
1306 1905 1418 1977 pedibus
1437 1907 1504 1963 meis
1527 1923 1579 1964 nun
1603 1910 1712 1970 dedisti.

78 2009 192 2052 versas.
205 1995 295 2053 Fallax
305 1998 387 2066 gratia
405 2005 454 2052 :et
466 2010 533 2052 rana
544 2007 584 2052 εει
596 1997 744 2068 pulcritudo
760 2015 767 2051 ι
781 1997 877 2054 ιεεΙίει
927 1993 982 2051 ΙΙεε
1005 2004 1092 2052 εειεει
1107 1994 1251 2067 lachrymis
1270 1997 1339 2067 cepit
1360 1997 1446 2068 r⁷gare
1468 1997 1548 2065 pedes
1574 2016 1647 2056 mcor
1663 2021 1670 2056 :
1686 2015 1715 2058 et

82 2085 189 2140 timens
203 2085 286 2142 Βεειιι
310 2086 366 2156 ipsa
382 2085 541 2142 laudabitur.
557 2085 623 2142 bate
634 2085 659 2141 ei
673 2086 707 2142 de
717 2086 805 2143 dructu
820 2101 877 2142 ma·
925 2087 1030 2158 capillis
1044 2087 1100 2143 stria
1120 2091 1206 2144 torsit.
1221 2087 1348 2144 Osculum
1371 2089 1433 2144 mihi
1456 2104 1510 2146 nun
1529 2090 1644 2148 dedisti:
1661 2093 1712 2152 hec

81 2191 171 2232 cuam
188 2191 295 2233 suarum
312 2194 320 2230 ι
335 2185 363 2233 ει
379 2175 487 2234 laudent
501 2189 559 2233 eant
573 2175 600 2232 in
614 2177 697 2248 portis
710 2192 791 2247 opera
806 2177 875 2248 eiua.
926 2189 1128 2252 antemnaque
1148 2179 1256 2236 intrarit
1279 2195 1332 2235 non
1357 2178 1473 2236 cessarit
1495 2183 1610 2239 osculari
1631 2187 1713 2254 pedes

87 2265 132 2335 fl.
145 2267 243 2324 Amen.
926 2287 1012 2330 meos.
1025 2271 1098 2329 ‘Olco
1119 2283 1200 2342 caput
1222 2286 1312 2327 mrum
1333 2285 1385 2326 non
1413 2273 1511 2330 unxisti
1530 2290 1537 2328 ι
1554 2271 1604 2330 bec
1622 2286 1712 2332 autctn

125 2357 202 2414 Dicat
229 2358 368 2416 Preriurr.
390 2359 516 2416 Dominus
538 2359 574 2416 sit
596 2373 701 2430 semper
727 2358 874 2416 vobiscum.
926 2373 1061 2436 unguento
1074 2365 1149 2421 unxit
1164 2363 1245 2434 pedes
1260 2377 1343 2418 meas.
1358 2363 1468 2432 Propter
1485 2365 1555 2435 quod
1570 2365 1630 2422 dicu
1644 2367 1711 2424 tihi:

91 2447 135 2516 ri.
151 2449 267 2504 Etcum.
925 2459 1098 2516 remittuntur
1108 2456 1133 2512 el
1149 2463 1256 2526 peccata
1280 2453 1363 2510 multa
1377 2472 1384 2510 ι
1400 2457 1524 2526 quioniam
1537 2457 1630 2514 dilexit
1644 2461 1712 2514 mul-

125 2549 137 2578 2
152 2538 305 2596 Paullendo.
326 2541 407 2611 Spem
420 2539 515 2598 dedisti
535 2541 600 2598 mibi
616 2541 726 2599 bomine
740 2559 747 2596 :
763 2542 813 2599 bec
833 2557 875 2600 mo
926 2559 991 2604 tum.
1005 2545 1056 2606 cni
1069 2557 1156 2604 autem
1170 2547 1258 2602 mium
1272 2544 1413 2601 dimittitur
1428 2563 1435 2600 ι
1451 2547 1539 2602 minna
1559 2547 1654 2618 diligit.
1668 2549 1711 2604 bi·

85 2631 228 2686 consolata
241 2641 283 2688 eat
297 2633 323 2688 ia
340 2633 486 2690 humilitate
506 2649 576 2692 mea.
599 2635 637 2705 j.
652 2634 764 2704 Superbi
787 2635 876 2704 iniquo
928 2641 966 2697 sit
980 2637 1114 2696 autemsd
1128 2636 1212 2694 illam.
1228 2635 1407 2691 Remittentur
1425 2633 1471 2689 tibi
1486 2645 1605 2706 peccata.
1621 2637 1653 2692 Et
1667 2653 1712 2694 cc·

85 2723 205 2792 agebam
226 2737 412 2796 usquequaque
428 2740 436 2778 :
452 2723 540 2798 alege
553 2734 642 2782 numm
658 2735 701 2781 tua
722 2740 774 2782 uon
790 2725 874 2782 secti·
926 2727 1077 2801 peruntqul
1096 2725 1176 2782 simul
1187 2723 1381 2781 accumbebant
1399 2722 1488 2778 dicere
1508 2724 1575 2780 intra
1595 2741 1634 2782 se.
1646 2727 1713 2798 eria

86 2815 162 2872 nari.
177 2815 278 2872 aanor
294 2817 330 2872 lui
343 2818 501 2886 judiciorum
525 2827 629 2875 tuorum
653 2820 774 2877 bomine.
789 2819 824 2878 P.
846 2820 875 2878 lo
924 2830 967 2878 est
989 2819 1033 2876 hic
1053 2821 1098 2892 qni
1112 2817 1192 2875 etiam
1207 2825 1316 2888 peccata
1331 2811 1458 2871 dimittit?
1479 2815 1547 2872 bisit
1564 2828 1653 2875 summ
1675 2821 1709 2878 ad

86 2908 250 2966 bumilitate.
266 2909 344 2966 biert
357 2909 446 2968 Preti.
460 2911 601 2972 Silentium
612 2911 701 2971 iacite.
925 2915 1075 2972 mulierem.
1089 2909 1168 2968 Fides
1187 2921 1230 2968 tua
1252 2921 1278 2967 te
1289 2908 1389 2965 salsam
1407 2907 1467 2966 lect
1482 2926 1490 2964 a
1507 2911 1572 2966 sade
1592 2911 1619 2969 in
1632 2929 1709 2986 pace.

84 3023 228 3094 annam
261 3022 378 3094 aperta
411 3027 632 3096 austrannus
664 3034 875 3094 antoanam
967 3016 1005 3082 'l-
1021 3016 1120 3070 smen.
1543 3094 1550 3106 .
1720 3076 1724 3088 ·

354 3099 379 3172 (d
391 3098 435 3168 11,
455 3117 513 3167 cop.
535 3101 609 3176 ill).
886 3129 910 3192 c
963 3109 1037 3164 Pirnt
1061 3107 1149 3164 Puri.
1169 3107 1296 3162 barnuinus
1313 3106 1348 3162 sit
1367 3117 1472 3174 sentput
1491 3094 1637 3155 liblacum·
1671 3097 1708 3166 ἡ·

128 3187 353 3260 Mieogratlaa.
927 3203 1040 3258 Etcum.

122 3278 240 3338 Fratres.
254 3283 387 3340 ttsbemns
401 3283 555 3341 tireaaurnm
575 3288 653 3344 istum
668 3288 694 3344 iu
716 3291 788 3346 rasis
805 3291 874 3348 llcti·
961 3291 1090 3348 lusan
1115 3289 1240 3358 Alleluia.
1270 3288 1307 3360 i.
1325 3287 1394 3346 badi
1419 3285 1472 3342 lilia
1499 3294 1527 3342 et
1549 3285 1620 3342 ride·
1644 3285 1710 3354 eria

85 3371 157 3428 libus
172 3391 180 3428 r
196 3380 224 3428 ut
237 3374 385 3430 sublimitas
398 3376 433 3432 sit
446 3376 551 3433 rit-tutia
567 3377 614 3434 liei
631 3391 677 3435 :et
699 3395 750 3435 nnn
772 3396 804 3437 es
821 3397 874 3436 nu-
924 3383 1076 3450 concupitit
1090 3395 1135 3436 res
1152 3378 1354 3446 pulcritudinem
1371 3387 1442 3434 tuam
1455 3393 1462 3430 :
1477 3385 1505 3432 et
1522 3377 1579 3448 ipse
1589 3386 1630 3432 est
1641 3375 1711 3432 busta

83 3462 140 3516 bis.
166 3461 194 3518 la
215 3462 340 3519 omnibus
366 3463 562 3522 tribulationem
589 3467 704 3538 patimur
724 3486 730 3522 ε
750 3471 796 3526 ssd
821 3486 873 3526 nort
924 3485 995 3530 tuus.
1009 3472 1044 3527 P.
1060 3471 1185 3542 Alleluia.

83 3549 278 3622 angustiamur.
294 3554 456 3623 aporiamur
467 3572 474 3610 ι
485 3556 532 3612 sed
546 3571 598 3614 oon
611 3555 792 3617 destituimur.
810 3560 874 3618 Pur·
962 3561 970 3603 ¹
988 3561 1163 3634 sacrificiunt.
1176 3559 1274 3618 Olicrte
1291 3558 1403 3615 bomine
1422 3557 1575 3615 holocausta
1596 3567 1623 3614 et
1638 3559 1713 3614 ricti-

83 3644 252 3700 sacutioaem
267 3646 522 3715 pattnmzsednon
541 3649 758 3721 derelinquimur.
775 3651 872 3723 belial·
911 3665 981 3733 ¹mas
995 3650 1250 3708 restras:decimas
1267 3657 1295 3704 ει
1317 3645 1451 3718 primicias
1472 3662 1597 3702 marsuam
1612 3659 1713 3704 restra·

84 3747 146 3786 mur
167 3751 174 3788 :
196 3735 244 3790 aad
268 3749 321 3790 aon
350 3737 476 3805 perinsus.
498 3737 610 3809 Semper
640 3741 871 3802 muruursttmsm
923 3758 993 3800 rum.
1007 3739 1075 3798 lota
1087 3751 1167 3810 atque
1179 3739 1289 3796 donaria
1302 3755 1309 3794 ι
1320 3747 1349 3795 et
1357 3739 1490 3795 comedite
1507 3754 1539 3794 es
1553 3740 1592 3796 eis
1606 3740 1631 3795 in
1647 3755 1714 3794 cun-

85 3821 175 3878 ·Jesn
199 3822 296 3882 Christi
310 3825 462 3897 incorpore
485 3831 805 3892 nostracircumlerentes
821 3853 827 3890 :
842 3845 873 3892 at
922 3840 1014 3900 speetu
1033 3830 1138 3886 bomini
1154 3845 1161 3884 :
1176 3838 1206 3885 ut
1230 3828 1371 3886 benedicat
1393 3827 1469 3884 uubis
1492 3827 1619 3884 Dominus
1640 3829 1712 3886 bens
1748 3887 1757 3894 ,

82 3925 109 3968 et
123 3915 176 3966 rita
191 3910 254 3969 lesu
270 3917 296 3971 in
306 3917 430 3974 cordibus
441 3920 539 3975 nostris
554 3921 745 3982 mauiiestetur.
762 3926 872 3996 Semper
922 3932 1021 3980 scater.
1035 3921 1150 3991 Alleluia
1184 3919 1349 3993 pluruma
1362 3927 1404 3976 eat
1417 3919 1546 3976 bonnus
1557 3920 1591 3976 ad
1603 3922 1712 3994 llupsen

81 4003 154 4058 enim
179 4007 286 4074 eosqui
309 4007 421 4064 vivimus
437 4026 443 4064 :
461 4011 487 4065 in
503 4021 615 4068 mortem
635 4017 763 4072 tradimur
783 4017 846 4076 iesu
863 4033 887 4088 ι,
922 4015 1014 4071 dicens
1030 4014 1120 4070 :dabo
1135 4013 1232 4084 populu
1252 4009 1405 4068 mentalem
1420 4009 1519 4068 habere
1534 4023 1713 4070 mentem:ut

81 4101 112 4148 ut
133 4103 162 4149 ct
183 4095 233 4150 rita
256 4095 320 4152 lesu
343 4100 526 4158 manifestetur
548 4103 666 4178 inm
678 4119 759 4163 carne
781 4094 877 4166 nostra
922 4108 1033 4164 timeam
1055 4121 1116 4164 me:
1132 4106 1324 4164 etcustodiant
1345 4103 1468 4160 mandata
1489 4119 1546 4161 ntea
1562 4122 1569 4160 ι
1585 4113 1614 4160 ut
1630 4108 1712 4164 beno·

82 4187 200 4242 mortall.
214 4187 282 4258 Erga
295 4203 367 4246 mors
381 4191 407 4245 ln
423 4193 498 4248 nubis
510 4179 635 4264 operatur
649 4214 655 4250 :
670 4197 721 4252 rita
741 4207 829 4255 suman
843 4201 870 4256 in
921 4197 1008 4254 dicam
1023 4197 1063 4254 eia
1073 4207 1100 4252 ει
1116 4196 1176 4252 liliis
1190 4209 1282 4252 eorum
1298 4196 1325 4250 in
1337 4193 1539 4262 sempiternum.
1547 4193 1618 4250 liade
1629 4202 1657 4250 ει
1669 4195 1714 4252 alic

81 4279 168 4332 arrhis.
186 4279 317 4335 ilabentea
331 4290 418 4338 antem
440 4286 553 4342 enodem
572 4287 695 4355 spiritum
720 4287 781 4346 lldel
802 4290 872 4347 sicut
921 4287 963 4346 cia
979 4304 986 4341 ι
1003 4287 1167 4343 revertimini
1183 4283 1332 4341 intentoris
1346 4290 1443 4338 sesua.
1455 4281 1487 4338 P.
1501 4281 1711 4340 litbenedicam.

80 4371 213 4440 scripturn
234 4381 284 4427 est.
296 4370 403 4431 Credidi
416 4385 525 4447 propter
540 4379 611 4449 quod
632 4381 737 4438 locutus
750 4397 820 4440 aum.
837 4385 870 4442 lit
957 4375 1266 4434 atrebaetensium
1287 4373 1444 4430 &dimin
1459 4371 1712 4430 'mmmmm

81 4475 131 4516 rsus
151 4462 287 4519 credimus
301 4479 308 4518 ι
322 4473 429 4535 propter
451 4468 521 4538 quod
540 4477 567 4526 ει
589 4471 732 4543 loquimur.
746 4473 868 4534 Sciratea
882 4494 908 4558 ῃ
921 4470 996 4527 lusae
1018 4478 1045 4526 et
1065 4465 1160 4524 hutlrre
1174 4467 1317 4538 hlartprum
1343 4461 1422 4518 iidem
1442 4476 1451 4518 ι
1469 4471 1498 4519 ει
1521 4462 1713 4520 lammissimas

80 4550 208 4618 quoniam
221 4551 266 4622 qui
280 4553 417 4612 suscitarit
431 4558 572 4616 bornlnnm
585 4561 676 4618 lesum
689 4581 695 4619 :
707 4573 735 4621 st
749 4581 868 4634 ireseum
921 4573 977 4626 tarto
1002 4559 1067 4616 arbo
1095 4557 1218 4616 victorias
1248 4571 1256 4614 ι
1283 4553 1375 4610 debito
1401 4551 1503 4610 bonore
1530 4561 1711 4612 venerantes:

79 4641 147 4698 lesu
160 4646 298 4701 amumbit
313 4663 321 4702 ι
335 4657 362 4704 ει
371 4649 516 4707 curastitnet
528 4652 676 4710 uobiscum.
689 4654 783 4714 Omnis
797 4658 869 4714 enim
919 4651 991 4708 ornari
1005 4649 1095 4706 studio
1117 4661 1125 4702 a
1144 4647 1269 4716 uruniquc
1278 4643 1425 4703 intentione
1435 4642 1531 4699 iratres
1540 4642 1689 4701 charissimi
1703 4663 1712 4702 ι

80 4743 191 4804 propter
205 4749 273 4792 rus:
289 4745 318 4793 ut
340 4741 578 4810 grstiaabundana
592 4741 603 4784 ¹
619 4759 667 4815 per
691 4747 788 4804 nrultas
809 4761 871 4820 gra·
921 4740 1033 4796 borninn
1065 4735 1245 4808 supplicemus
1267 4751 1276 4794 a
1296 4744 1324 4790 ut
1346 4732 1425 4790 sicuti
1448 4746 1541 4789 carum
1569 4732 1712 4790 uirtutibus

79 4830 177 4886 starum
199 4831 317 4890 seston„
337 4834 454 4892 abundes
467 4837 493 4892 1„
514 4837 624 4907 glorta...
638 4837 694 4896 pop,
718 4841 756 4912 p,
772 4845 869 4900 pm,
919 4831 1086 4904 gratulamur
1107 4843 1116 4883 r
1136 4829 1171 4882 ita
1195 4839 1287 4882 earum
1310 4823 1413 4880 meritis
1433 4823 1598 4894 copulemur.
1621 4821 1713 4894 h'eque

79 4963 168 5020 bertin
179 4963 269 5021 Sancti
281 4965 413 5040 Euangelii
422 4970 561 5026 emundans
570 4969 666 5027 Lucum
677 4973 703 5032 ia
713 4973 776 5048 Gap.
788 4975 870 5052 Vll).

114 5099 144 5156 ln
160 5101 212 5158 tlttr
225 5103 330 5162 dicbus.
347 5103 466 5178 ilugabnt
478 5107 571 5166 icaunt
588 5109 695 5180 quidam
708 5111 868 5172 Pbariaeua:

81 5201 110 5246 nt
123 5194 296 5251 manducaret
313 5210 373 5252 cum
384 5198 439 5255 illo.
456 5198 489 5254 Et
507 5199 643 5272 ingressus
656 5202 764 5260 domum
776 5206 868 5264 diacu-

80 5283 149 5340 buit.
166 5285 199 5340 lit
220 5301 285 5343 ecce
299 5287 394 5345 mulier
407 5303 460 5361 qne
473 5299 531 5346 erat
543 5293 571 5347 in
590 5291 842 5365 civitatepeccatrix
859 5315 866 5354 ι

122 5431 135 5460 ¹
150 5421 277 5481 Gestavit.
295 5425 386 5498 iulg..
404 5431 512 5502 parturit
525 5439 549 5486 rt
563 5430 635 5487 uidit.
653 5430 736 5502 tall,
762 5438 874 5508 parturit

84 5499 254 5566 qnndbunana
268 5509 330 5553 erlo
376 5503 427 5560 ori.

117 5567 130 5606 ι
147 5569 252 5624 lisiaro.
267 5568 311 5624 tx
340 5611 347 5638 .
363 5583 387 5626 ει
403 5575 470 5630 siler
483 5575 569 5628 ociosa
583 5587 632 5628 nun
643 5576 764 5630 comedit.

117 5653 129 5681 r
148 5639 297 5697 Psallendo.
313 5639 357 5696 Pa.
368 5657 460 5709 cartas.
474 5645 520 5710 ld,
533 5645 579 5701 bd.
603 5644 639 5714 7·
655 5645 733 5713 tuit..
748 5647 793 5718 tit,
806 5647 852 5705 53.

119 5711 132 5749 r
148 5709 214 5779 cen.
229 5710 282 5767 rr.
299 5711 373 5768 vers.
389 5715 461 5772 aas.

117 5779 221 5840 ders.
241 5782 316 5855 tntg.
334 5792 360 5840 et
374 5785 472 5856 Grac,
487 5798 590 5859 propter
601 5785 702 5844 leram.

924 4937 973 4980 tros
986 4920 1131 4988 desperare
1146 4919 1184 4971 las
1195 4925 1238 4973 εει
1258 4929 1266 4969 ι
1286 4911 1408 4986 ilartpris
1424 4911 1501 4968 aubia
1514 4911 1626 4984 gloriam
1642 4927 1716 4984 qno··

922 5027 1037 5085 cumque
1057 5013 1083 5068 in
1107 5022 1226 5080 ternpore
1241 5022 1318 5078 passe
1337 5007 1442 5064 donari.
1464 5005 1584 5077 Namque
1603 5007 1712 5062 iracun-

922 5111 994 5168 diam
1004 5105 1156 5165 cohibuisse
1176 5121 1185 5162 ι
1205 5101 1314 5174 insignia
1329 5101 1454 5172 patientia
1467 5109 1520 5156 est.
1531 5096 1709 5170 Cupiditatem

923 5202 1042 5259 irenaeus
1064 5212 1073 5253 a
1093 5197 1179 5268 palma
1201 5194 1306 5257 uirtutis
1325 5199 1368 5248 cst
1387 5204 1397 5247 ι
1416 5199 1444 5249 ει
1463 5190 1599 5247 domuisse
1619 5189 1712 5246 libidi-

924 5309 984 5353 nem
1006 5310 1015 5350 a
1034 5305 1133 5351 corona
1153 5287 1272 5360 martyrii
1287 5293 1340 5344 εει.
1355 5283 1406 5342 Per
1429 5287 1480 5341 hec
1501 5283 1624 5340 diabolus
1643 5282 1711 5340 iule-

963 5435 973 5476 t
989 5435 1040 5490 Per
1050 5433 1245 5503 natantum„
1256 5445 1300 5502 prr
1309 5428 1401 5484 raritas
1411 5428 1438 5480 hs
1450 5423 1591 5497 gratianus
1600 5423 1710 5480 actions.

927 5509 1024 5570 Grac..
1040 5521 1085 5575 prr
1108 5507 1246 5562 multorum
1261 5501 1402 5571 qratiormn
1416 5499 1552 5550 mnsnsm.

963 5575 1051 5644 rcup.
1071 5575 1137 5632 Vll.
1155 5577 1235 5630 icas.
1246 5571 1293 5636 bii.
1308 5570 1341 5626 ad
1356 5568 1434 5624 linem
1447 5566 1552 5636 capitia.

961 5645 974 5686 t
992 5645 1093 5706 bondo.
1105 5649 1148 5703 Pa.
1164 5658 1237 5706 attr.
1252 5643 1296 5697 ll.

963 5715 1159 5842 {aasabim
1172 5717 1209 5774 tis
1221 5709 1437 5778 Deuteronomio,
1450 5721 1497 5777 ιιι,
1507 5705 1570 5774 li‚l.
1586 5705 1603 5778 y
1616 5703 1711 5760 bunt.

923 5805 951 5856 r,
983 5789 1010 5858 b,
1025 5784 1072 5840 5⁰.
