3990 6302
106 319 181 376 8⁰·ss
477 313 622 372 lttsstte
643 311 776 369 lttxttttt
795 309 869 368 SEC.
892 307 974 364 ΠΕΟ.
995 308 1025 363 Β.
1046 306 1181 364 islodllt.
1201 337 1236 348 -
1255 303 1344 364 etus
1364 304 1395 360 tl.
1709 302 1766 364 dm

108 447 184 492 stra
203 432 343 490 meditetur
354 429 521 488 dilectissimi
532 426 768 498 iratresjusticlam
777 426 837 494 eius
852 441 859 478 ι
875 439 924 494 pro
938 428 962 484 tt
975 423 1060 478 soceri
1075 441 1082 476 ι
1097 422 1168 478 nella
1183 437 1232 476 nris
1245 421 1328 478 ineius
1342 421 1375 477 sb
1386 419 1499 478 inuicem
1512 418 1616 476 rusticis
1629 421 1764 478 slnndtute

111 523 281 593 triumphis
297 521 367 576 besti
388 519 511 590 blortpris
531 516 600 574 Tirsi
617 535 623 572 :
639 515 684 586 qui
695 517 790 572 hausto
809 514 923 570 lideliter
975 513 1098 568 discindi.
1114 512 1173 580 oue
1188 515 1258 568 sient
1273 523 1285 552 ι
1302 525 1398 568 nerem
1421 525 1490 580 pene
1506 509 1640 581 exemptis
1664 509 1738 567 boris
1755 530 1762 565 ι

109 615 220 671 sabee
242 611 481 684 passienis:prins
505 625 566 664 cern
595 608 693 664 meruit
719 616 810 662 tenere
826 619 923 676 :quam
976 603 1152 673 neecnpllius
1169 610 1311 658 mutusest
1342 617 1357 656 u
1382 600 1532 658 sectoribus
1556 599 1590 656 do
1614 601 1701 669 capite
1726 601 1765 656 titi

114 721 218 764 nosse
233 723 241 761 ι
255 721 287 761 ee
300 704 415 760 iructnm
430 702 513 772 plecte
523 699 817 772 perticipationegratie
832 711 925 765 urere·
976 695 1099 765 binrtpris
1113 712 1121 750 :
1136 695 1176 750 sic
1200 709 1247 762 per
1261 709 1340 750 omne
1368 703 1473 763 tempus
1492 694 1545 748 rite
1570 699 1661 748 unstre
1684 691 1766 747 trullis

111 799 216 854 nire:
234 794 459 864 entecnnspicerc
468 800 621 862 regnantem
634 791 735 862 χω
749 803 828 858 quam
842 786 927 844 susei-
977 782 1090 855 permoti
1109 783 1242 840 scandulis
1256 781 1344 852 :septi
1371 797 1478 852 semper
1504 793 1659 836 inseremur
1677 781 1767 836 muni·

113 902 200 957 pere
221 886 405 943 redimentem.
422 883 537 940 Proinde
561 884 735 952 deprecemur
755 881 925 938 elementiam
976 875 1047 930 mine
1059 874 1206 930 eboritstis.
1222 873 1368 944 rl.rlrnen.
1479 917 1484 926 .

112 977 194 1046 ejus
209 996 217 1033 ε
233 988 261 1034 ut
275 992 323 1032 nes
334 975 478 1033 exaudiat:
494 983 522 1030 ot
539 973 671 1030 exerente
682 972 760 1042 petite
773 972 880 1030 tribnat
894 971 926 1027 Et
1013 963 1125 1021 intrito.
1140 965 1252 1036 utpium
1275 965 1340 1020 satis
1352 973 1378 1019 et
1400 962 1501 1032 p’ustnm
1514 970 1579 1020 est:
1596 971 1624 1014 ut
1647 957 1695 1014 tibi
1710 958 1767 1016 ileo

116 1068 216 1140 euius
231 1067 378 1126 bonoribus
387 1067 505 1136 spectate
519 1066 637 1122 debitum
651 1065 750 1134 proprii
763 1065 862 1122 emeris
876 1062 925 1118 im·
976 1067 1069 1114 crosno
1083 1057 1174 1114 landes
1186 1067 1214 1114 et
1225 1055 1323 1128 pretim
1335 1057 1360 1110 in
1374 1063 1500 1124 errantum
1513 1065 1654 1121 potissumus
1665 1050 1767 1107 relere-

117 1158 280 1226 penrlimut
294 1176 300 1212 :
316 1157 374 1226 ejus
402 1154 541 1226 patrocinii
567 1154 701 1224 peculiare
715 1152 866 1224 sutirspimn
882 1153 924 1208 in·
977 1163 1046 1204 reus.
1062 1147 1113 1216 Qui
1137 1148 1321 1204 beatissimum
1335 1145 1441 1201 Tirsum
1463 1142 1607 1214 presentet
1631 1143 1659 1196 itt
1682 1141 1765 1198 leoe-

115 1253 241 1308 coleres
255 1253 344 1310 silum
355 1253 494 1310 conserite
504 1253 650 1322 reptamus,
976 1238 1094 1302 dictione
1103 1239 1190 1308 scotie
1201 1248 1245 1294 tue
1256 1256 1262 1292 :
1274 1235 1465 1296 ostendensilli
1480 1237 1508 1290 ιιι
1522 1233 1641 1292 tenebds
1653 1234 1742 1288 lumen
1758 1251 1765 1286 :

175 1344 219 1414 rb.
235 1345 332 1402 Amen.
977 1341 1005 1388 et
1018 1329 1210 1401 perlectionem
1224 1328 1311 1400 gretie
1327 1330 1387 1397 pett
1409 1327 1547 1384 iuberem..
1556 1325 1660 1380 Etenim
1673 1334 1699 1380 te
1710 1321 1767 1392 opi·

167 1436 234 1492 Alr'e
249 1435 350 1492 (lentie.
366 1434 544 1492 *celestibus
567 1434 658 1490 satiari
678 1434 846 1503 cupientibus
862 1453 868 1488 :
882 1447 928 1492 pes
979 1423 1079 1480 tuiante
1098 1421 1240 1492 plumbatis
1262 1419 1382 1476 tunditur
1398 1438 1404 1474 :
1421 1433 1470 1474 nec
1491 1427 1623 1476 terretur:
1636 1427 1767 1486 crtrreque

119 1527 399 1598 oumpmpippoepp
421 1527 491 1583 Deus
515 1525 668 1581 beatissimo
682 1524 759 1580 Tim
779 1525 926 1592 {propensu}
978 1515 1062 1572 flacio
1090 1517 1224 1583 potentins
1250 1512 1401 1568 roboratur.
1429 1509 1504 1564 {lette
1535 1506 1690 1580 graciliore!
1716 1505 1767 1562 llll'i

118 1616 227 1674 attone
241 1617 374 1674 misertus.
390 1617 460 1674 lnler
482 1625 586 1674 celeras
609 1628 676 1685 quas
692 1629 740 1685 pru
753 1624 798 1669 tno
820 1615 928 1670 nomine
979 1607 1091 1678 ttpamrs
1104 1620 1158 1662 non
1168 1605 1306 1673 dissipent.
1322 1599 1398 1658 lione
1413 1599 1532 1671 pertines
1556 1598 1628 1654 iuror
1642 1594 1657 1636 ι
1671 1595 1765 1652 nibici·

123 1705 249 1760 sustmit
272 1719 354 1776 penas
370 1723 376 1758 :
392 1714 512 1776 paratum
528 1701 686 1773 supplicium
706 1703 808 1773 plumbi
829 1703 854 1757 in
879 1702 926 1758 sil-
980 1698 1199 1757 busneutlssimis
1212 1712 1264 1752 nort
1285 1704 1403 1752 exseret.
1432 1693 1482 1748 llic
1501 1691 1528 1748 in
1541 1690 1638 1748 irustro
1650 1687 1768 1760 discerpi

122 1797 273 1854 versarier
286 1797 345 1868 elus
363 1815 371 1850 s
390 1796 512 1854 eratione
529 1795 611 1866 ipsius
635 1794 758 1866 llortpris
785 1793 926 1850 retorsisti.
945 1769 1067 1861 Bjustus
1082 1789 1170 1861 gladie
1186 1797 1313 1844 cerrstnns
1329 1803 1335 1839 :
1352 1785 1394 1840 irie
1411 1786 1437 1840 in
1454 1791 1546 1851 pareto
1570 1781 1624 1838 sibi
1639 1779 1769 1836 torrentis

125 1887 188 1942 Pro
206 1902 261 1958 que
274 1887 405 1945 debilibus
420 1896 447 1944 te
461 1887 532 1943 Deus
553 1886 683 1957 rugitibus
697 1887 885 1956 impleremus:
901 1894 929 1940 ut
981 1881 1080 1951 plumbi
1104 1883 1233 1953 supplicio
1257 1878 1391 1935 inuenitur
1421 1877 1553 1933 erultnns.
1568 1872 1645 1944 Quod
1664 1873 1691 1929 in
1713 1871 1767 1926 iilis

125 1993 183 2046 prr
200 1979 271 2034 butte
281 1976 422 2048 iiortyrem
437 1991 453 2032 n
466 1992 519 2046 qno
534 1975 644 2046 predicti
658 1976 757 2032 metelli
771 1975 928 2045 supplicium
980 1975 1117 2032 retorserit
1132 1976 1215 2031 rirlus
1240 1983 1283 2028 tnu
1312 1980 1473 2029 termentum
1489 1987 1495 2023 z
1510 1969 1555 2039 qni
1567 1966 1618 2024 sibi
1638 1971 1769 2022 renerent

125 2065 274 2122 detorsisti
291 2083 298 2120 ε
314 2067 437 2137 decerpas
460 2080 574 2120 nrassam
605 2065 685 2123 letitie
705 2065 790 2120 nostri
816 2065 928 2136 peceati.
979 2064 1086 2120 ininluri
1099 2065 1270 2134 supplicium.
1287 2062 1311 2118 ls
1324 2063 1476 2132 quippenrr
1494 2059 1527 2114 od
1544 2055 1767 2114 monilestnndsm

127 2158 226 2225 Atque
243 2162 269 2211 te
293 2155 440 2226 opitulante
454 2156 499 2225 qui
515 2155 623 2210 inlotam
652 2155 703 2212 sibi
728 2169 821 2226 penum
839 2173 845 2210 ι
862 2155 888 2210 in
900 2169 930 2213 se
979 2155 1090 2226 plectam
1105 2155 1226 2224 potencie
1246 2163 1290 2207 tue
1312 2151 1381 2206 Dens
1406 2168 1413 2204 ε
1437 2149 1554 2206 carceris
1573 2149 1707 2204 recinctus
1720 2159 1767 2201 er-

132 2257 335 2316 perseeucntes
353 2245 473 2316 dejecit:
490 2245 622 2304 ntinistret
641 2245 692 2302 sibi
721 2245 930 2316 obsequentibus
979 2245 1080 2316 postule
1095 2262 1102 2299 ε
1118 2245 1232 2300 nrirnbili
1255 2257 1396 2313 progressu
1417 2241 1532 2310 stipatus
1549 2258 1556 2293 :
1572 2237 1687 2308 collegio
1698 2237 1767 2292 edn-

126 2338 248 2394 tutelam
261 2337 402 2409 petrocinii
416 2339 569 2407 indisrupti.
586 2337 622 2396 Ut
632 2352 679 2408 per
692 2353 754 2394 eum
770 2337 929 2396 lamulantes'
978 2340 1048 2393 citur
1069 2335 1242 2405 Angelorum.
1258 2333 1323 2388 Nnrn
1345 2347 1407 2388 curn
1430 2331 1589 2400 intempesta
1616 2337 1694 2385 nnete
1708 2329 1769 2384 looo

128 2431 280 2486 obtineant
293 2431 397 2487 reniam
414 2447 421 2484 ι
437 2444 575 2502 perquem
599 2429 814 2504 persequentium
823 2438 865 2486 est
878 2429 930 2486 de·i
979 2439 1032 2496 qno
1044 2423 1215 2482 detinebatur
1230 2421 1371 2478 multitude
1391 2435 1566 2492 superrrnrutu
1591 2421 1708 2476 inrueret
1722 2420 1769 2476 oi-

129 2521 205 2574 ricto
221 2519 343 2576 audiun.
356 2523 395 2576 Ae
415 2535 463 2590 per
486 2535 565 2590 prtem
589 2519 732 2576 itrlldelitet
752 2514 839 2591 penali
862 2535 928 2577 cen·
979 2517 1051 2572 rium
1070 2534 1077 2571 ε
1096 2516 1167 2572 lliicu
1192 2515 1261 2570 ustio
1288 2513 1403 2570 curreris
1428 2520 1583 2568 reseruntur
1602 2529 1609 2564 :
1630 2522 1657 2567 et
1678 2513 1767 2571 subito

128 2621 243 2682 sumpto
257 2623 297 2669 ost
309 2611 371 2682 igne
386 2613 397 2665 :'
408 2625 455 2682 per
468 2626 530 2666 eum
544 2610 692 2668 credulitas
711 2611 817 2668 damme
834 2611 931 2670 ardeat
978 2622 1076 2664 nerum
1087 2605 1191 2664 reinlslt
1205 2605 1250 2660 illo
1274 2605 1299 2660 in
1315 2604 1373 2660 leco
1392 2603 1425 2660 ed
1448 2603 1575 2658 innuerem
1590 2603 1715 2676 biertpris
1727 2607 1768 2660 ln·

126 2704 277 2761 elueritetis
291 2703 392 2761 dit-ine.
978 2717 1039 2757 men
1054 2719 1060 2754 :
1074 2700 1145 2771 quod
1157 2715 1239 2756 errera
1261 2707 1413 2755 cotennrum
1432 2699 1492 2767 eius
1502 2697 1669 2754 dissolveret.
1686 2700 1767 2756 run·

178 2793 219 2862 nl.
235 2797 332 2852 lmen.
977 2791 1097 2850 ctoribus
1108 2791 1204 2847 deinde
1231 2791 1338 2861 Angelis
1362 2791 1462 2846 lumine
1483 2789 1664 2859 precedente:
1680 2792 1767 2862 bnpti·

174 2884 238 2940 Post
261 2887 375 2941 romine.
400 2884 499 2941 Oratio.
523 2884 593 2940 bens
620 2885 664 2954 nui
689 2895 760 2942 lanta
783 2885 926 2942 seneritnle
976 2894 1148 2940 serumtuum
1164 2880 1563 2951 cuempiurnsltcrnppreuttm
1579 2898 1586 2935 ι
1602 2882 1763 2953 usquedum

130 2979 227 3050 judieii
241 2980 311 3036 ulter
324 2979 394 3035 luisti
409 2981 436 3036 in
462 2977 675 3050 persecutoribus
686 2977 831 3036 beatissimi
856 2979 925 3036 ilar·
978 2977 1130 3044 perrenirct
1142 2974 1174 3029 sd
1189 2975 1276 3028 lecum
1290 2987 1361 3042 :qun
1373 2971 1481 3028 celestis
1497 2971 1580 3028 ieritis
1593 2973 1700 3030 lavucro
1714 2977 1767 3030 tirr-

130 3071 203 3142 tpris
219 3069 258 3126 tui
279 3069 367 3126 Tirsi:
383 3081 411 3126 ιιι
425 3069 439 3111 ¹¹
453 3085 547 3126 eornm
570 3069 693 3126 deiuncta
718 3084 830 3139 corpora
856 3077 925 3126 terre
976 3067 1145 3138 permuniit
1170 3067 1266 3122 merito
1294 3066 1357 3120 teliu
1380 3073 1563 3134 suscepturo:
1587 3065 1633 3120 toli
1658 3065 1767 3121 luminis

135 3171 277 3218 recusaret
289 3161 427 3230 suscipere
440 3179 447 3216 :
462 3177 514 3232 que
532 3160 656 3217 irrecitns
676 3175 769 3218 eorum
796 3160 846 3217 riri
858 3161 924 3230 iusti
977 3155 1229 3215 cleritateanteitur.
1241 3155 1275 3212 lit
1289 3155 1333 3226 rpui
1348 3155 1420 3212 nirei
1435 3155 1516 3210 lentis
1528 3155 1681 3233 purillcutus
1693 3167 1767 3216 esset

131 3253 266 3322 nurnine
278 3259 445 3308 cruentasset
461 3268 468 3305 ι
484 3261 511 3305 tu
531 3250 590 3321 pins
616 3265 648 3304 oe
671 3251 800 3322 benignus
813 3249 927 3306 inderen·
977 3251 1130 3322 expergite
1146 3271 1153 3306 :
1169 3251 1262 3310 celesti
1285 3252 1411 3314 letaretur
1438 3251 1566 3320 obsequio
1591 3252 1763 3320 precedente.

132 3343 202 3399 tium
228 3343 364 3414 obsequiis
399 3343 533 3400 delibutus
559 3360 566 3397 ι
592 3341 755 3412 sepultorum
790 3341 927 3410 spiritibus
976 3342 1195 3412 toiroratnspest
1212 3341 1274 3398 inde
1296 3339 1367 3396 trudo
1387 3341 1479 3396 celesti
1496 3341 1640 3398 :redditur
1662 3345 1765 3400 cnrceri

130 3441 228 3490 eterna
259 3433 397 3500 rctrlperis
421 3433 511 3502 prebe.
538 3433 573 3489 llt
597 3433 634 3488 ita
662 3431 775 3502 predicti
802 3432 926 3503 Martyris
977 3432 1129 3503 purilieotus
1144 3432 1295 3488 extorsero
1310 3448 1316 3486 :
1330 3433 1765 3502 cerrsnniniotopettmrnetrinin-

131 3523 262 3595 sullrapie
278 3543 287 3582 ι
303 3525 419 3582 bobonm
439 3525 532 3584 lidcles
558 3523 745 3582 detunctorum
764 3523 851 3582 errime
865 3539 927 3596 pre·
976 3523 1039 3593 pbn.
1055 3523 1130 3581 llune
1143 3535 1285 3581 eteurrtem
1299 3525 1360 3595 quin
1375 3523 1499 3582 custodes
1520 3527 1636 3582 eorecris
1660 3541 1713 3582 non
1727 3529 1766 3581 ri-

132 3618 217 3672 miunr
236 3616 330 3673 :sieut
342 3631 388 3687 per
403 3631 465 3672 eum
481 3631 594 3686 corporo
616 3615 801 3672 damnatorum
822 3631 925 3674 merue-
974 3616 1071 3672 derunt
1086 3634 1093 3671 ι
1109 3616 1301 3688 regredientem
1312 3615 1483 3672 mirntisunl.
1493 3614 1587 3673 diruet
1600 3617 1626 3672 ln
1639 3617 1765 3674 lereeinrn

132 3716 196 3766 runt
207 3707 330 3764 insenire
343 3707 505 3776 sepulcrum.
527 3708 564 3777 ri.
580 3707 677 3763 Amen.
817 3763 820 3768 ,
974 3707 1098 3764 eoneitoti
1112 3707 1248 3764 :carceris
1262 3706 1377 3776 disrupti
1391 3706 1533 3776 prosiliunt
1544 3707 1689 3764 rindtctam
1701 3721 1762 3765 eunti

168 3798 210 3853 el
237 3815 337 3870 perenn.
362 3800 460 3856 tinctio.
487 3799 586 3858 sotum
613 3808 706 3857 nostre
737 3802 925 3871 compendium
973 3796 1198 3869 ptadltstntnturt.
1218 3797 1271 3856 Scd
1291 3813 1353 3854 mor
1377 3799 1489 3856 inlesum
1516 3813 1595 3870 quem
1624 3797 1762 3856 deerant:

136 3898 297 3960 expetentes
324 3892 493 3960 omnipotens
531 3891 602 3947 Deus
628 3907 769 3961 precamur
794 3913 801 3948 :
829 3903 857 3950 ut
879 3894 925 3965 qui
974 3905 1001 3950 ut
1014 3905 1173 3967 repererunt
1195 3894 1310 3967 sigilium
1327 3895 1400 3952 illico
1417 3910 1514 3967 procas
1536 3896 1640 3952 insonis
1660 3895 1765 3968 mitigo·

133 3979 322 4036 beatissimum
347 3981 482 4039 dtirletrm
512 3991 586 4038 tunm
607 3981 712 4039 Tirsum
739 4001 745 4036 :
773 3984 925 4040 sectoribus
975 3996 1154 4042 turzetsuns
1173 3987 1279 4058 romnis
1305 3987 1409 4056 pirdins
1437 3986 1627 4042 condiderunt.
1639 3985 1766 4058 Proprius

136 4070 305 4130 trahentibus
315 4074 528 4132 serrnmdunbns
542 4075 569 4132 in
580 4075 698 4146 portibus
713 4089 766 4132 non
780 4077 923 4146 permisisti
973 4079 1080 4136 auditus
1093 4079 1287 4150 suspendentes
1301 4079 1327 4134 iu
1351 4094 1477 4134 currerent
1500 4078 1626 4150 ttirprts
1650 4092 1763 4134 recem:

131 4209 310 4282 irepmontum
325 4209 478 4266 kalendarii
493 4209 709 4280 Getlrn-lltspeni
727 4228 741 4266 r
756 4211 815 4266 llnl.
840 4213 921 4270 Febr.
1009 4211 1189 4268 ucelestibus.
1205 4211 1275 4282 Lege
1290 4211 1383 4267 retesti
1397 4213 1462 4270 cilo.
1479 4211 1553 4267 llere
1569 4211 1657 4279 priseo
1669 4211 1762 4266 lldcies

131 4283 213 4334 moreti
226 4277 312 4352 Tyrsi,
324 4281 362 4334 rel
377 4282 499 4336 comitum
513 4293 604 4347 mort..
620 4280 732 4336 Groerin.
747 4283 785 4340 tls
796 4283 893 4340 endem
908 4299 923 4338 ι
972 4283 1077 4340 cmlesti
1098 4283 1267 4337 euclrnristim
1281 4282 1351 4348 cibo,
1373 4281 1587 4336 solemnitatibus
1611 4292 1760 4350 cirnityrrnn

131 4349 189 4414 ilai.
204 4348 285 4406 Febr.
297 4361 379 4418 erunt
391 4351 537 4406 Romanum
549 4353 674 4420 Perstrm,
690 4353 758 4414 Ado,
773 4351 920 4421 Uentidius,
973 4353 1181 4418 recurrentibus,
1192 4351 1392 4407 rcueictmtur.
1410 4351 1524 4406 Snnctus
1540 4341 1654 4416 ltnsilinp
1667 4351 1763 4422 (Epist.

133 4419 283 4476 ilnmanum
306 4421 423 4486 llorenii,
448 4431 475 4476 et
499 4421 550 4475 ulio
575 4421 696 4490 numilem
720 4421 918 4494 lisrtprolngle.
972 4421 1018 4492 93,
1039 4419 1198 4492 eliasibi),
1221 4421 1253 4475 nd
1276 4419 1568 4492 Cresorienrpntricinm
1583 4421 1616 4475 de
1631 4421 1764 4490 frequenti

133 4489 340 4560 lliernnymiona
355 4499 475 4545 sanctum
490 4491 604 4564 Tyrsum
618 4506 678 4546 nrrn
694 4491 751 4548 liri.
771 4491 829 4547 lain.
843 4507 919 4549 cnnr·
937 4475 1161 4548 ¹hostimentum·
1175 4495 1294 4546 scribens
1307 4507 1315 4546 r
1332 4489 1388 4546 Ner
1414 4491 1526 4558 quidem,
1553 4491 1648 4558 innuit.
1673 4499 1764 4564 preter

132 4568 292 4614 memorent.
315 4558 436 4616 burense
459 4559 615 4618 Florentinii
635 4571 659 4616 ct
685 4563 921 4618 (Inrbeiense-[ia-
971 4563 1080 4634 sinpnlis
1091 4561 1289 4616 bebdomadibus
1299 4563 1528 4628 cemnrunicnnuta,
1545 4561 1680 4614 dorrrtnicn
1701 4563 1761 4626 die,

131 4631 214 4686 citerii
231 4645 283 4684 srrr
303 4629 361 4686 ttat.
383 4630 463 4686 Febr.
483 4632 509 4684 in
535 4629 662 4702 AEpppte‚
679 4631 806 4698 Crirconi,
825 4631 919 4703 Tyrsi,
971 4645 1064 4702 pnnrte
1077 4633 1128 4697 die,
1146 4633 1173 4686 in
1188 4630 1339 4699 Permesse,
1355 4641 1377 4685 et
1391 4629 1519 4704 Sebinno,¹
1533 4631 1628 4700 stellis
1642 4631 1763 4694 dii’bussi

132 4699 221 4762 Leuci.
236 4699 345 4766 Criniti,
369 4711 420 4756 cte.
442 4701 579 4769 Quodam.
603 4703 662 4756 ntiis
678 4703 788 4766 diebus,
804 4701 920 4772 Tyr-triu
971 4707 1052 4758 senrtl
1068 4703 1179 4774 alicujus
1195 4701 1315 4755 cremeris
1330 4701 1468 4755 recoletur.

131 4771 240 4834 intime
257 4769 341 4826 Greci
357 4785 431 4837 rere,
453 4773 478 4826 is
490 4771 636 4840 bicrnlngin
649 4771 747 4838 [insilii.
765 4773 808 4828 die
825 4773 855 4828 ιι
871 4772 922 4828 De·
1007 4771 1132 4827 bit’ornrn
1158 4787 1277 4838 corpore.
1308 4771 1448 4834 Centuritii
1471 4771 1572 4838 scilieet
1594 4779 1622 4840 et
1644 4771 1758 4840 Siluani.

130 4841 258 4894 cerrrbris.
273 4841 391 4898 condies
410 4851 505 4896 sancto
528 4841 614 4910 tyrso
629 4841 761 4897 oridnntnr
777 4842 872 4898 Lucius
893 4852 922 4900 ct
971 4841 1069 4900 Cortirr
1084 4847 1148 4898 lictu
1163 4842 1249 4897 saneti
1262 4841 1350 4913 Tyrsi.

131 4913 286 4974 lssellinicus,
312 4909 346 4966 do
360 4912 455 4979 ipuibns
472 4911 600 4966 ridendus
615 4911 751 4978 Berenicis,
766 4912 792 4968 in
807 4913 875 4968 netis
887 4915 920 4971 nd
1008 4923 1019 4952 θ
1034 4911 1140 4966 Nocere.
1159 4913 1196 4967 its
1212 4915 1237 4966 in
1253 4911 1337 4976 tertiis
1352 4911 1423 4966 Actis
1436 4911 1523 4986 (dpud
1538 4909 1714 4982 bollundum).
1728 4911 1762 4996 bt

132 4979 360 5050 iinrtproluginrn.
377 4981 429 5038 Sed
450 4982 485 5037 tle
499 4979 542 5048 iis,
566 4983 616 5036 line
638 4983 693 5044 die.
709 4993 756 5036 ortt
776 4983 809 5038 tie
822 4983 917 5056 lpse,
971 4982 996 5038 in
1023 4983 1116 5054 primis
1129 4991 1157 5036 ct
1170 4986 1293 5037 scenmbs
1315 4983 1544 5052 (speraindeo)
1567 4983 1662 5054 legitur
1681 4985 1762 5048 ruint·

132 5049 196 5104 ritbil
214 5059 255 5104 cst
270 5053 296 5104 in
312 5051 380 5106 liedu
396 5052 523 5122 pennino.
540 5051 606 5106 Acts
628 5053 713 5106 sancti
728 5051 804 5122 Tyrsi
825 5065 852 5108 et
876 5067 921 5108 rn-
969 5067 1041 5108 stros
1053 5053 1131 5107 tribas
1145 5052 1214 5177 mit
1229 5066 1329 5107 serrum
1343 5051 1439 5108 irustrn
1454 5053 1578 5110 duxisse.

130 5123 243 5183 einrnrn,
261 5133 356 5188 preter
369 5124 491 5176 citatosn
508 5121 747 5186 ll.irnnio,erstent
767 5123 837 5190 opud
860 5123 920 5180 ttet-
1006 5121 1019 5160 ι
1038 5121 1177 5178 vinciens.
1215 5133 1330 5188 estesse,
1345 5121 1470 5180 intretis.
1486 5120 1515 5175 ln
1540 5123 1614 5178 Actis
1636 5121 1761 5180 sennodio

133 5190 240 5248 bricium
264 5189 351 5261 (Tem.
373 5189 403 5246 tl
419 5189 551 5256 ιιιιιιιιιιιι,
574 5207 633 5262 pnp.
654 5191 730 5254 803).
757 5191 875 5248 Celebris
892 5201 921 5252 et
970 5192 1055 5248 sancti
1072 5191 1149 5258 Tprsi
1167 5193 1257 5256 citetis
1274 5191 1435 5246 Cotnbritius
1446 5191 1559 5262 jussisse
1575 5192 1670 5264 legitor
1684 5195 1758 5262 anci,-

133 5271 252 5314 rctnsrns
273 5263 299 5314 in
323 5261 448 5332 ilispsnie
469 5261 555 5316 cnltns
575 5261 643 5331 rjus.
669 5260 732 5314 brat
753 5262 789 5316 iili
811 5261 919 5320 bnsiiieo
970 5260 1449 5334 nianentispelpebrnrep'nscoelii3ot
1464 5279 1544 5316 tenens
1561 5277 1614 5316 neri
1628 5272 1756 5332 rsteptus

131 5335 205 5400 pista
230 5330 364 5400 Tpietum.
390 5331 465 5388 Uinde
489 5332 608 5400 reliquie
631 5331 752 5386 Onietnm
779 5333 918 5390 trnnsiotm
968 5334 1001 5387 ad
1016 5332 1201 5398 evellendum,
1216 5347 1298 5403 qnare
1322 5331 1464 5401 legendnm
1481 5341 1544 5401 pntn
1568 5332 1698 5396 rotmtlis,
1713 5343 1759 5402 oop

132 5411 202 5453 sert.
218 5401 351 5456 (interum
367 5401 453 5456 sancti
467 5400 544 5470 Tprsi
566 5411 592 5456 nt
612 5401 745 5456 sociorum
771 5411 917 5472 martprnnr
969 5403 1080 5470 spicellis
1094 5403 1194 5468 nentis,·
1208 5411 1250 5458 est
1260 5402 1329 5457 enim
1345 5401 1461 5466 uulsella,
1473 5413 1518 5457 aut
1529 5401 1643 5467 petuttn,
1660 5401 1758 5473 instru-

133 5471 239 5526 nnminn
252 5471 435 5528 diversimode
456 5471 481 5526 in
498 5471 694 5543 blortprologiis
712 5473 809 5540 scripta
826 5470 919 5540 lopen-
969 5485 1088 5528 trientum
1102 5475 1198 5542 quibus
1213 5473 1279 5543 pilos
1294 5466 1457 5538 evellebant,

133 5549 183 5594 tnr.
207 5539 246 5594 lle
272 5539 332 5595 lece
346 5541 465 5614 martyrii
487 5555 512 5597 et
528 5540 570 5597 die
586 5540 717 5608 passienis
733 5541 802 5596 Ιιιιιιιι
824 5545 918 5612 eripite
1005 5553 1017 5581 ⁸
1034 5541 1198 5597 Dmteribss.
1214 5544 1334 5610 Plurude
1350 5541 1399 5596 bne
1415 5557 1443 5595 re
1458 5543 1526 5612 lege,
1539 5544 1656 5608 stercor,
1673 5541 1698 5595 in
1713 5557 1758 5598 se-

132 5622 170 5664 rst
201 5610 328 5666 carietes.
355 5611 424 5668 Sunt
452 5613 531 5668 etiam
566 5611 610 5676 uui
646 5621 768 5668 cerretum
804 5611 917 5684 Tyrsum
967 5613 1063 5668 cundis
1077 5621 1105 5668 et
1120 5612 1205 5667 tertiis
1219 5613 1335 5668 sanctii
1357 5613 1392 5667 rsi
1406 5615 1492 5676 Actis,
1506 5613 1575 5680 npud
1589 5612 1756 5678 llntlnndnnr,

134 5679 277 5747 llispnnum
301 5697 400 5750 periere
423 5689 449 5738 el
465 5683 553 5738 ciuem
576 5679 733 5736 Toletennm
757 5681 856 5736 tlicttttt.
881 5684 918 5739 lle
1004 5679 1064 5736 ‘dn
1079 5682 1209 5754 peremunt.
1227 5685 1296 5753 Lege
1312 5700 1317 5734 :
1332 5629 1530 5737 l'ernrinninrie
1544 5683 1757 5756 emeritutt'.Cuu5

132 5761 223 5812 spineto
238 5751 324 5824 ιιι-ιιι
338 5753 398 5810 silet
412 5751 565 5814 Oretionnle
577 5751 719 5810 Gothicum
734 5750 890 5814 illnttcbinii.
968 5751 1008 5816 ier
1021 5753 1107 5832 prims
1123 5765 1209 5810 sorren
1224 5752 1304 5826 'lprsi
1319 5755 1383 5809 dcto
1399 5753 1490 5820 citato.
