3908 6312
268 339 321 392 rm
845 329 931 388 smc.
946 330 978 384 iu
994 327 1127 386 ιιοιιιιιι.
1150 327 1290 386 trenno.
1821 339 1858 396 op

268 456 358 508 dicent
377 469 495 522 vesperos
514 451 611 521 pierre:
637 451 751 517 peairuor
779 452 811 500 de
843 447 920 516 serie.
943 445 1057 502 Postea:
1073 446 1167 506 diurn
1181 445 1454 502 Christus-Dominus
1469 447 1715 512 resurrextuctora
1726 457 1856 518 respondem

270 541 434 612 iiupriiicat,
445 541 539 593 deiude
552 539 632 593 Peter
646 545 748 592 nostor.
766 536 893 592 Miserere
900 535 963 602 mei,
973 535 1054 591 licus.
1108 535 1163 592 Deo
1174 535 1285 606 gratias.
1299 533 1356 588 iiac
1376 535 1406 604 fit
1425 536 1513 590 tutia.
1532 534 1584 591 iiis
1598 536 1685 604 dictis,
1699 549 1781 592 contar
1794 543 1857 612 imipu‘t

270 629 393 685 Christus
410 628 497 682 iactus
511 637 563 682 ost.
1107 627 1163 682 aira
1183 644 1243 683 uoce
1265 641 1275 679 .·
1294 627 1426 693 dilutum,
1451 627 1581 690 ditetuic,
1607 627 1731 684 ΔΜ
1759 631 1855 688 deiude.

305 721 413 775 Scirtari
429 733 488 772 cero
505 717 548 771 die
570 727 678 786 rurrctn,
696 717 759 771 dum
772 726 895 771 enutritur
909 732 994 778 uana,
1014 716 1056 770 iu·
1108 717 1190 788 Kyrie
1204 716 1316 772 eie'umr.
1336 715 1394 782 Quo
1409 717 1485 785 piuita
1503 719 1626 772 sucerdoe
1643 718 1792 776 derodeaiue
1808 722 1855 778 iro·-

269 811 353 870 drruut
382 826 409 864 se
443 808 556 863 ministri
581 807 736 862 cuitioriiue
771 807 901 870 uestibus,
927 805 1056 859 diaeonus
1107 807 1280 880 piutcfiioria
1293 808 1319 862 iu
1332 806 1448 862 excelsis
1461 804 1599 862 nenton
1613 809 1856 876 orariommepr'uotr‚

269 898 423 966 duirrraticu,
446 899 622 953 saidiocomre
639 900 730 951 terrica
747 897 781 950 od
800 895 979 958 tittriiuium,
1001 895 1054 948 riuo
1107 909 1165 970 port
1191 900 1328 969 epictetum
1355 898 1481 955 diieinia.
1507 898 1608 954 Deinde
1634 909 1730 954 tractus
1749 900 1856 956 :Lentim
1906 883 1907 888 ἵ

269 993 305 1047 ud
323 991 480 1047 cotttieicirra
491 993 520 1046 iu
530 990 607 1044 uitis.
621 989 655 1044 Ει
669 991 745 1059 pinita
758 1005 828 1044 uoua
839 989 967 1042 diucauua
980 987 1056 1042 tem·
1110 990 1263 1046 iioruinruu.
1280 989 1339 1056 Oria
1360 990 1448 1058 finito,
1468 991 1596 1045 diaconus
1606 989 1697 1059 incipit
1715 990 1856 1060 Erenpeiim,

268 1083 339 1137 dicut
353 1098 467 1140 cereum.
1107 1089 1167 1133 aute
1179 1083 1248 1149 uuo!
1263 1095 1314 1134 uon
1327 1089 1446 1150 portetur
1455 1079 1555 1142 inereu.
1573 1079 1619 1132 seri
1631 1088 1736 1132 tarrtrrar.
1748 1082 1857 1140 iuceurrn.

303 1172 425 1229 Exsultot
448 1175 505 1246 ism
521 1174 642 1246 ortgeiica
662 1175 739 1231 turba
755 1173 896 1236 emiorum.
911 1180 965 1227 etc.
979 1169 1014 1225 tn
1028 1171 1055 1226 irr
1110 1211 1165 1228 .....
1188 1170 1285 1226 Porteu
1301 1172 1425 1228 rucerdoe
1453 1172 1517 1225 dicit
1541 1170 1633 1226 Credo
1656 1169 1682 1225 in
1700 1187 1773 1224 unum
1790 1173 1856 1228 iteum.

268 1264 346 1320 emm
361 1281 441 1334 neque
467 1266 502 1318 ad
521 1266 599 1320 aerio
627 1265 660 1320 Et
683 1265 804 1321 antistite
822 1272 925 1318 nostro.
942 1261 1055 1326 Excepto
1110 1261 1209 1318 Deinde
1222 1277 1231 1317 :
1245 1263 1374 1319 iiorrrinus
1384 1263 1566 1326 vobiscumet
1580 1261 1706 1318 Orcuurs.
1713 1259 1856 1332 opertorium,

268 1355 337 1422 quad
355 1355 382 1406 irr
407 1371 454 1408 rrae
474 1371 525 1408 nort
545 1355 619 1408 udert
640 1355 758 1408 accensio
780 1352 975 1420 lampadarum.
993 1348 1056 1404 Post
1108 1371 1155 1409 uec
1170 1355 1262 1423 upum
1284 1354 1348 1417 iret.
1372 1369 1419 1408 trec
1444 1354 1745 1412 comarumcomarum·
1769 1357 1856 1408 orcum

268 1457 330 1512 erpo
348 1442 474 1510 prodicta
487 1443 563 1496 ocrim
582 1443 704 1498 antistite
718 1450 810 1498 nestro
831 1440 886 1495 itae
908 1439 1057 1494 imrueuiute
1108 1445 1347 1500 torneneccuruiuur
1364 1461 1439 1500 nemu
1462 1453 1559 1497 uoetrm
1575 1441 1700 1496 mercum
1721 1441 1798 1495 dutru.
1810 1443 1856 1498 dore

269 1541 421 1602 uertuntur,
439 1530 580 1586 uidelicet:
1107 1553 1170 1603 poce
1194 1553 1252 1590 cuut
1281 1535 1404 1590 nreerdoe
1429 1546 1453 1590 et
1481 1535 1597 1590 ministri
1626 1533 1854 1588 commuuicmeriut:

306 1620 339 1673 Et
356 1621 532 1676 serenissimo
562 1623 725 1693 imperatore
756 1629 850 1674 nostro
886 1617 918 1673 Ν.
946 1619 1057 1688 ejusque
1108 1624 1223 1678 erutum
1244 1626 1271 1679 iu
1287 1626 1366 1686 cuore
1382 1625 1526 1692 imponitur
1547 1639 1608 1676 rum
1632 1620 1729 1692 peaimo
1749 1621 1856 1680 :Linum

269 1709 437 1766 nobilissimo
449 1713 524 1781 prole
542 1711 584 1766 rei
609 1721 707 1768 cuncto
722 1712 843 1766 exer-citu
862 1711 975 1780 cirrum
996 1727 1056 1765 orn·
1110 1715 1269 1778 Durrrinum,
1281 1729 1376 1768 omues
1391 1722 1494 1784 gentes.
1520 1713 1555 1766 od
1578 1713 1724 1781 treoptrprm.
1746 1713 1855 1780 Oropum

270 1802 350 1858 nibus
365 1803 610 1870 eirctrntstmrtiitus,
626 1805 715 1874 quiete
727 1813 877 1874 temporum
889 1818 1016 1856 concessu
1030 1803 1055 1858 iu
1073 1795 1094 1850 B
1107 1820 1165 1858 curu
1178 1803 1279 1859 Giuriu.
1290 1803 1404 1860 dileiuiu
1419 1819 1454 1870 re,
1464 1803 1587 1869 curuum
1599 1802 1657 1856 cirre
1669 1804 1854 1870 rreurrtatefiniur.

268 1891 312 1946 iris
325 1889 498 1947 Pesctmrttm
517 1894 623 1964 gaudiis
647 1908 810 1950 conseruare
832 1892 962 1960 digneris.
980 1889 1056 1948 iiunc
1109 1891 1205 1950 Postea
1235 1895 1323 1962 prior,
1339 1896 1361 1948 ei
1384 1893 1490 1948 rrriseam
1515 1909 1568 1947 uon
1588 1891 1762 1956 frictionem,
1779 1895 1854 1963 trrtpu

268 1996 334 2052 ergo
349 1997 469 2047 cereum,
486 1982 608 2051 Duruitre,
623 2000 702 2055 quem
715 1986 763 2040 tibi
776 1983 854 2038 ouer-r
868 1983 1056 2038 imnuiustuus
1107 1984 1277 2050 urrer'pitouarrr
1300 1981 1421 2054 Vespere
1439 1989 1529 2037 eurem
1558 1983 1621 2038 suit!
1633 1983 1685 2045 nti;
1711 1999 1763 2036 cum
1784 1983 1854 2048 puina

268 2075 301 2131 tt.
317 2087 456 2148 accepturu
471 2094 530 2136 esse
545 2079 675 2150 digneris,
688 2090 717 2135 ut
730 2081 786 2134 tuuc
800 2094 847 2146 per
860 2077 958 2131 multoe
971 2091 1057 2132 murus
1108 2073 1261 2146 ttoprtucu
1274 2075 1373 2130 ouium.
1400 2075 1433 2140 t't
1447 2075 1524 2144 finita
1547 2075 1702 2144 autiptrouo,
1715 2083 1736 2126 et
1749 2075 1854 2128 eouurmi·

269 2165 346 2226 tetes
369 2177 398 2223 et
423 2168 544 2242 gauricus
569 2169 616 2224 tibi
645 2169 758 2225 Domino
774 2183 832 2226 uota
860 2175 1006 2242 persoluat,
1029 2180 1057 2226 et
1107 2169 1172 2222 certic
1203 2167 1341 2234 irrttriiue,
1364 2167 1470 2222 tuudem
1494 2169 1615 2220 oratioue
1633 2165 1665 2220 tie
1687 2166 1759 2220 mirso
1777 2183 1854 2234 ccipere

267 2257 400 2326 usquead
425 2267 547 2329 optutum
570 2263 709 2329 porterum
724 2273 900 2317 senecmtom.
919 2264 995 2320 ttrute
1010 2266 1057 2320 tre·
1106 2259 1247 2327 ptuimuur.
1273 2255 1306 2312 Et
1327 2259 1387 2312 ideo
1409 2260 1480 2327 oport
1497 2259 1628 2328 quosdam
1653 2271 1703 2309 nou
1725 2256 1854 2326 incurratur

268 2348 384 2417 nemim
399 2357 435 2411 te,
453 2358 578 2406 creature
602 2365 682 2416 ceree,
705 2367 752 2422 per
767 2352 872 2422 {inpium
888 2357 989 2420 vivunt,
1008 2369 1057 2424 per·
1107 2347 1218 2400 diacono
1251 2345 1443 2404 Bencri'cetnus
1467 2346 1584 2401 Domino
1608 2344 1719 2410 ‹trcrrm;
1745 2346 1782 2398 red
1806 2347 1853 2412 apr

268 2437 374 2505 Mum
389 2445 523 2504 sanctum,
540 2452 589 2508 per
604 2439 699 2504 neure.
714 2442 759 2510 qtri
773 2451 798 2496 te
810 2457 843 2498 ex
856 2444 983 2498 otuuiirrrs
998 2445 1055 2515 egri
1108 2453 1155 2491 uae
1173 2439 1274 2507 quoties
1306 2435 1397 2494 Gioria
1419 2438 1446 2491 in
1463 2437 1580 2493 excelsis
1604 2435 1660 2492 neo
1681 2437 1787 2500 canitur,
1801 2434 1854 2490 ttioe

263 2525 380 2583 tionibus
393 2529 552 2599 congregari
577 2531 715 2600 precepit,
731 2541 760 2588 et
782 2533 809 2587 in
832 2543 978 2603 conspectu
1001 2550 1056 2592 stuc
1107 2531 1144 2587 ite
1158 2529 1237 2586 trisse
1251 2539 1319 2586 esta
1332 2530 1561 2584 diucauadr'cr'tur.

267 2617 400 2674 claritatis
424 2618 513 2688 ignem
527 2621 676 2675 accendere
686 2617 779 2688 jussit,
803 2632 832 2677 nt
857 2623 1010 2695 uiricumpre
1021 2640 1054 2680 ert
1237 2635 1264 2674 ru
1280 2635 1389 2675 staaurr
1408 2635 1500 2675 srucrr
1517 2633 1606 2674 uocce
1618 2632 1652 2672 uo
1665 2631 1760 2672 urssm.

264 2716 294 2762 te
312 2709 428 2775 potitum
443 2708 535 2774 irruerit,
552 2709 587 2764 sit
611 2709 685 2764 loeus
700 2711 751 2767 iste
765 2713 895 2778 nutritus,
918 2724 1055 2783 protectus
1143 2709 1246 2768 Oratio.
1269 2709 1350 2775 [teus.
1377 2710 1424 2780 qui
1448 2711 1518 2765 irauc
1540 2709 1747 2764 sacratissimum
1767 2713 1854 2770 noctur,

266 2806 348 2866 otqtte
369 2797 498 2853 defensus
511 2798 545 2854 trit
565 2799 637 2854 omui
653 2801 693 2855 ira
710 2802 800 2857 diuina
814 2813 840 2858 et
852 2804 974 2858 obornui
987 2805 1055 2860 inic·
1106 2810 1171 2868 ete..
1188 2811 1214 2856 ut
1233 2803 1259 2854 irr
1278 2801 1355 2856 editis
1373 2800 1462 2871 numid
1484 2801 1553 2855 irone
1584 2799 1733 2862 cretionem,
1753 2805 1855 2856 rmruau.

266 2887 387 2941 emtione
410 2887 523 2954 inimici,
546 2903 595 2960 per
618 2891 744 2947 uirtutem
771 2905 797 2948 et
821 2908 918 2950 nomeu
948 2895 1054 2952 Dorium
1105 2891 1301 2962 pretationem.
1318 2889 1855 2956 contremescens,rumpitur-,eremm-

267 2976 352 3030 nostri
373 2974 436 3032 iesu
460 2977 580 3044 Christi.
604 2981 649 3050 mu
665 2983 731 3037 uiuit
752 2992 780 3038 ct
802 2996 898 3055 regnet
915 3000 976 3040 cunr
1000 2985 1054 3042 Deo
1106 2983 1228 3048 niourm;
1242 2986 1302 3052 pita
1324 2981 1412 3036 omnia
1437 2990 1539 3036 tautum
1560 2981 1688 3034 dotentur
1711 2979 1735 3032 r'rr
1755 2975 1856 3032 euutur'ua

267 3063 387 3122 Putreirr
417 3069 521 3126 unitate
542 3069 659 3143 Spiritus
674 3074 761 3129 sancti
776 3075 802 3129 in
827 3076 925 3131 scente
951 3077 1052 3148 sempi-
1106 3071 1207 3128 admoti
1222 3089 1285 3127 nrm.

267 3164 354 3212 ¹⁰¹¹st
365 3156 466 3215 ἈΜ
1065 3123 1088 3181 C
1104 3199 1205 3242 ιιιιιιιιτ
1224 3201 1294 3244 anna
1311 3200 1446 3250 ormtrren
1462 3199 1604 3241 untseoeos
1620 3200 1670 3239 use
1693 3193 1819 3236 russeum
1832 3191 1855 3230 ιι

300 3243 381 3302 Cerco
391 3246 538 3318 benedicto,
559 3253 674 3308 accendit
695 3253 776 3308 lector
789 3254 825 3310 nd
837 3254 976 3310 amionem
988 3270 1053 3326 pro·
1273 3272 1368 3315 urssurr
1383 3271 1413 3310 se
1431 3270 1534 3310 neustr
1548 3269 1719 3311 carceratus.

265 3341 412 3396 arteriam:
430 3339 523 3396 Lectio
538 3341 598 3397 iibri
611 3341 734 3400 Genesis.
749 3346 776 3399 Ιιι
793 3345 927 3416 principio
938 3347 1053 3404 creavit.
1139 3343 1173 3400 iu
1188 3346 1279 3415 primis
1292 3355 1396 3401 cantent
1412 3344 1591 3414 tempsanum
1609 3361 1654 3414 per
1664 3359 1690 3397 te
1703 3340 1738 3396 uei
1749 3357 1763 3394 o
1774 3339 1855 3392 circun-

265 3427 354 3484 teum
375 3429 470 3498 prium
486 3429 584 3502 Lenem
607 3433 684 3502 piune
701 3445 724 3489 et
747 3447 836 3506 operte
852 3436 887 3496 ad
906 3435 1053 3508 tutctttpeu-
1103 3433 1233 3489 stantibus
1245 3433 1360 3498 decicit,
1383 3433 1411 3488 id
1434 3445 1472 3488 err
1494 3434 1651 3500 perdurum:
1676 3427 1854 3498 Gaetulicum

264 3517 338 3574 dum.
351 3519 392 3573 Ao
415 3519 533 3592 ruputas
548 3521 669 3578 iectiauee
687 3525 798 3594 riupuirc
811 3527 941 3581 crationes
953 3526 1053 3582 inien-
1103 3537 1144 3591 tn·
1160 3519 1339 3588 Βθῐιθᾶῑῑῑδῑῑὶ
1363 3538 1404 3592 Pi·
1419 3519 1531 3588 hliuni·
1551 3531 1575 3575 θ(
1593 3537 1682 3590 imm
1685 3555 1756 3574 ·······
1766 3515 1855 3584 stiffi·

265 3621 318 3676 rer,
348 3627 459 3680 suarum
479 3613 592 3682 primam
613 3613 724 3669 domum
746 3619 820 3686 prior
840 3615 915 3681 dicit,
945 3617 1053 3676 indutus
1104 3625 1150 3668 trrr
1171 3612 1315 3683 capitutum
1343 3630 1350 3666 ε
1375 3611 1506 3682 Exsurge,
1532 3610 1605 3674 erat,
1630 3611 1698 3664 nem
1718 3611 1854 3662 carrionem·

264 3715 347 3768 coppo
360 3710 384 3754 et
402 3699 490 3765 etoia,·
505 3712 640 3772 moretum
662 3704 710 3757 atii
724 3705 881 3760 sacerdotes.
898 3705 939 3760 dd
953 3705 1053 3760 auitam
1104 3703 1223 3762 Ostende
1235 3704 1324 3771 nobis,
1345 3703 1387 3760 Ab
1401 3702 1527 3768 occultis,
1549 3701 1608 3757 Non
1630 3694 1855 3772 interminatus

264 3789 360 3842 iorum
383 3789 534 3846 orationum
557 3789 656 3846 dicitur
680 3792 815 3846 Dominus
830 3793 985 3860 uobiscum,
1007 3795 1053 3850 red
1105 3795 1156 3850 tui.

264 3885 366 3930 tontum
381 3875 506 3934 Osetnus.
630 3951 637 3962 ι
739 3919 742 3926 .
1143 3883 1244 3939 Deinde
1254 3900 1312 3938 cum
1328 3882 1429 3939 exuerit
1444 3883 1561 3937 turricam
1576 3883 1661 3937 dicit:
1681 3879 1750 3936 Exue
1763 3871 1854 3961 meiit-

300 3963 403 4018 Oratio.
425 3963 495 4021 netu
515 3966 564 4038 qni
587 3966 760 4034 mirabiliter,
783 3976 848 4036 cte„
872 3979 901 4024 ιιι
927 3971 955 4024 irc
977 3973 1053 4028 editis
1104 3976 1187 4040 mine,
1203 3985 1321 4030 reterern
1336 3974 1474 4030 hominem
1491 3988 1553 4027 cum
1568 3971 1748 4031 actibussuis,
1764 3961 1856 4020 etiaim

264 4067 346 4121 usque
370 4052 405 4106 ud
429 4061 511 4108 ratam
535 4053 716 4110 duodecimam
746 4055 891 4124 iectiouem,
916 4068 1053 4131 postquem
1105 4080 1258 4122 manorum
1274 4065 1424 4132 hominem,
1438 4065 1485 4134 qut
1508 4064 1658 4120 secundum
1678 4062 1755 4116 {teum
1775 4063 1855 4111 creatus

263 4143 319 4197 truc
341 4144 531 4214 subjiciuntur,
542 4155 662 4204 tractui:
678 4147 755 4205 Sicut
768 4163 874 4206 certus.
950 4190 952 4197 ·
1106 4165 1146 4214 est
1166 4159 1192 4212 in
1203 4157 1310 4228 justitio
1325 4166 1353 4211 et
1368 4155 1514 4211 serretitnte
1531 4155 1664 4210 reticetis.

225 4285 229 4290 .
299 4233 401 4292 Oratio.
435 4234 613 4308 Omnipotens
637 4241 802 4312 sempiterne
831 4244 919 4310 Deus,
949 4247 1054 4318 respice
1140 4249 1182 4302 ed
1201 4249 1349 4306 aurictum:
1371 4239 1855 4313 scinde,nomtue‚saeeuruueuruet

262 4327 393 4399 propitius
422 4329 458 4388 od
481 4330 653 4390 devotionem
680 4336 772 4405 popuii
799 4338 981 4402 rstrnsceutis.
1007 4343 1051 4409 qui
1106 4335 1142 4393 dn
1158 4337 1278 4392 tortitiam
1294 4336 1387 4394 cordis
1403 4335 1467 4390 mei.
1481 4335 1578 4389 Amen.

262 4419 330 4474 sicut
348 4435 447 4477 cerrus
469 4437 600 4493 oqrrarnm
627 4427 731 4494 expetit
754 4425 867 4493 iontem,
885 4436 914 4482 et
935 4431 1053 4485 concede
1071 4463 1093 4518 D
1141 4425 1182 4481 Ad
1196 4425 1308 4482 atium:
1328 4425 1411 4481 indue
1427 4415 1489 4489 rue,
1504 4421 1639 4489 nornine,
1654 4421 1756 4478 todem
1770 4409 1856 4487 iiiiii&

262 4511 532 4580 praetereuntium
549 4515 635 4587 ipsius
656 4516 716 4572 sitis
731 4517 904 4588 treptismstis
926 4521 1054 4591 repererim
1105 4525 1132 4574 ot
1148 4517 1252 4587 puteum
1267 4515 1373 4571 solutis·
1387 4515 1484 4569 Amen·

262 4600 381 4654 Ιιιιίιιιιιιιι
395 4617 548 4675 corpusque
566 4605 726 4662 sanctificet.
742 4604 803 4663 Per.
963 4643 966 4650 «
1139 4608 1180 4664 dd
1194 4606 1351 4678 cinpeium:
1368 4605 1520 4678 succinge,
1535 4606 1657 4670 Bantius,
1673 4601 1769 4659 inrubes
1782 4591 1856 4652 incutit

299 4690 340 4744 dd
354 4691 474 4747 uitiuram
488 4693 626 4752 irmionem
637 4697 760 4752 sacerdos
775 4699 910 4768 epredr'em
921 4716 955 4758 eo
975 4701 1053 4755 cnoro
1106 4715 1172 4756 caeae
1181 4709 1210 4754 et
1220 4699 1460 4756 circumcidentis
1472 4700 1563 4756 cordis
1577 4700 1640 4756 mei.
1655 4699 1744 4754 Amen.

263 4795 323 4834 cum
344 4781 471 4837 ministris
492 4784 596 4850 optiutt'e
613 4785 773 4840 uestimentis
787 4787 916 4854 induitur,
929 4789 952 4844 ci
966 4798 1054 4843 romeu
1141 4791 1181 4846 ud
1204 4790 1330 4846 rtoionr:
1360 4789 1435 4845 stote
1453 4789 1567 4858 justitias
1588 4787 1740 4852 circumda,
1762 4779 1855 4841 dormint,

264 4871 421 4939 trepticmum
434 4888 485 4926 uou
497 4885 534 4926 cu
550 4875 729 4930 ceieiruurmu
741 4892 752 4940 ,··
763 4889 824 4933 tuuc
837 4881 906 4934 errice
921 4879 1053 4938 uitiorituu
1104 4881 1239 4936 ceruicem
1255 4895 1354 4946 atram,
1370 4888 1398 4936 et
1410 4881 1444 4936 sir
1455 4879 1531 4936 orani
1541 4878 1711 4950 corruptione
1723 4869 1810 4946 peccati
1821 4879 1856 4935 ii·

264 4959 349 5014 utitur
360 4976 440 5030 utone
457 4961 491 5015 od
503 4961 620 5017 rrriream.
637 4961 687 5020 iiic
706 4965 795 5037 itaque
807 4969 919 5036 perucrie
934 4979 1054 5022 cuutaree
1105 4973 1180 5028 riticn
1200 4981 1318 5028 mentem
1330 4986 1429 5028 meatu.

264 5053 318 5108 duo
336 5055 426 5122 cuppis
442 5055 527 5108 induti
541 5055 663 5110 iitauinm
686 5067 787 5116 ternam
810 5059 921 5127 iaciunt,
935 5075 994 5130 quoe
1006 5076 1053 5128 pro
1140 5062 1181 5116 dd
1196 5061 1314 5117 cateiam
1324 5061 1424 5118 :tmtue
1437 5076 1491 5124 me.
1506 5059 1629 5124 Domine.
1643 5049 1789 5114 sacerdotati
1797 5041 1856 5116 puti-

263 5154 379 5210 tempore
397 5145 577 5211 protrahatur.
598 5144 657 5211 Qua
674 5147 749 5214 finita
770 5159 908 5205 coueeutuc
929 5149 957 5208 ia
973 5149 1053 5204 choro
1105 5153 1154 5216 tio,
1169 5161 1198 5206 nt
1210 5150 1301 5208 induci
1314 5165 1421 5206 merear
1435 5150 1461 5205 in
1478 5147 1650 5204 tabernacula
1663 5143 1817 5213 sempiterna.

261 5242 427 5303 exspectaus,
441 5235 539 5290 cutem.
557 5233 876 5298 diirristrioutemrcrerri
895 5240 1053 5298 insacrurio
1138 5241 1209 5297 Dum
1232 5241 1361 5298 intratad
1383 5241 1468 5296 otram
1487 5240 1585 5293 dicat:
1616 5235 1729 5294 introibo
1745 5231 1774 5286 ttti
1792 5225 1856 5280 atum

262 5341 344 5396 oeque
358 5325 421 5380 dum
433 5341 569 5394 camporum
588 5338 685 5383 euurtoe
698 5327 812 5397 [nerium
824 5329 1053 5400 quiiuecercorrti·
1105 5333 1162 5397 Dei,
1179 5321 1214 5386 ad
1229 5332 1313 5388 Deum
1327 5349 1334 5384 ι
1349 5331 1418 5400 prat.
1433 5329 1531 5386 iudica
1544 5343 1596 5392 ure,
1610 5329 1688 5384 Deus.

263 5415 311 5470 ius
323 5415 353 5482 dt
361 5415 492 5485 processio
505 5432 552 5486 per
562 5415 748 5484 ciuuctrummt
756 5421 1029 5490 euutaturoutipitoua
1042 5437 1052 5476 .·
1139 5421 1206 5480 Cum
1222 5419 1365 5492 peruenerit
1380 5419 1415 5474 od
1435 5421 1519 5475 attare
1539 5413 1792 5473 nunriiircriueit'uato
1804 5402 1854 5459 reim

262 5506 329 5563 Curu
353 5507 538 5566 descendisset
561 5507 691 5566 Drrmiuus
715 5511 748 5566 ed
774 5510 889 5566 inferna.
915 5509 1052 5583 Uupueqaro
1104 5513 1175 5568 dicor
1189 5512 1377 5583 coruscationem
1398 5511 1467 5565 itouc
1489 5493 1573 5566 totam
1587 5507 1750 5580 perordinem
1765 5515 1772 5554 :
1786 5495 1855 5565 imit·

265 5597 370 5652 redeam
391 5601 419 5653 r'u
445 5599 564 5656 ciorum.
590 5599 639 5655 titt
662 5601 738 5670 finito
762 5603 906 5671 onrr'pirorta
929 5604 1051 5658 sacerdos
1104 5604 1221 5662 Christe.
1237 5605 1318 5660 Putcr
1332 5615 1434 5671 noster,
1450 5607 1496 5678 qut
1519 5621 1560 5662 es.
1575 5597 1853 5672 trtjuurtuurumut·

264 5697 325 5746 cate
340 5688 422 5746 basim
447 5689 539 5748 aitaris
562 5695 704 5751 concinnus
731 5693 854 5752 mediocri
880 5711 939 5750 uoce
962 5693 1051 5764 incipit
1105 5693 1155 5764 Qut
1171 5691 1233 5750 tecit
1258 5695 1358 5753 coeirun
1385 5705 1412 5752 ct
1435 5693 1547 5753 terrum.
1574 5693 1737 5753 Contitenuru
1758 5678 1855 5738 Dourittt
