3968 6314
245 279 298 336 aaa
593 269 736 328 nissum
757 269 889 326 uttvuu
910 269 983 326 suu.
1006 270 1086 328 uto.
1109 272 1139 330 u.
1162 273 1295 330 rsruunr.
1319 303 1350 315 -
1373 275 1462 332 tuns
1483 277 1515 332 u.
1812 282 1879 336 uum

310 383 640 452 Lectiosonctilt'sonpslii
656 379 956 438 srcsrtdnrrralolr.1rrurrrr
1042 388 1122 444 Ater
1143 385 1312 453 geurebuuua
1338 385 1551 458 lachrymatione
1577 395 1735 444 csrrrarrut
1764 386 1880 448 lareulos

526 457 550 528 ι·
562 454 627 524 Gup.
650 453 718 560 llll
725 455 745 520 l·
1081 481 1140 530 tuos
1154 473 1186 528 ll.
1198 475 1233 530 ab
1247 476 1319 530 omni
1341 477 1459 544 periculo
1473 495 1480 530 :
1494 478 1615 534 cruciatu
1631 495 1638 532 :
1656 479 1698 534 vel
1719 483 1880 540 nccuaitare
1971 503 1972 518 .

274 571 322 628 illo
346 572 372 624 itr
393 577 523 638 tempore.
550 566 681 622 llouriuua
704 575 796 620 noster
809 562 889 619 lesus
907 563 1030 618 Clu-istus
1080 573 1242 635 exemptor:
1259 566 1399 622 nobiscum
1414 565 1497 623 luciae
1518 567 1544 622 in
1567 568 1801 638 tranquillitatem
1814 585 1881 642 paee
1971 551 1972 570 ³

240 661 397 732 loquebatur
410 657 547 724 di-eijrulia
568 654 623 712 ouis
647 659 748 710 dicens.
766 659 850 710 dinen
876 669 954 707 amau
970 653 1031 708 dicu
1081 666 1189 724 semper
1202 668 1312 711 marcere
1326 664 1451 714 statutus.
1478 658 1516 718 d·
1533 657 1644 716 conta.
1659 660 1746 716 Arnen

240 754 315 810 rubis
329 769 337 806 ι
351 752 461 808 tristicia
485 755 572 804 vestra
595 756 715 802 certetur
738 745 764 800 in
787 744 1032 816 protimuitutter
1120 741 1226 799 inlatio.
1252 745 1366 818 [liguum
1392 757 1419 802 et
1434 752 1536 818 justum
1566 759 1688 806 estznos
1712 751 1759 806 tibi
1778 753 1880 822 pretias

239 861 298 900 runt
321 844 391 913 parit
414 841 554 896 tristiciam
584 839 682 892 babet:
700 837 761 907 quia
784 839 857 892 venit
876 836 940 890 lrora
962 833 1030 903 ejus.
1080 849 1162 906 agere
1177 837 1287 893 barutino
1302 849 1395 896 sancte
1408 841 1590 896 Patereterne
1603 840 1878 914 omnipotentiam:

239 936 304 990 tium
315 944 405 990 autent
419 932 523 1002 peperit
537 945 647 1000 puerum
668 930 742 997 :jam
757 945 810 982 nun
825 926 946 982 rrrcurinit
962 941 1032 995 pres·
1083 942 1130 996 per
1154 925 1247 983 lesum
1276 928 1412 986 Christum
1444 931 1526 986 itliuur
1555 939 1630 988 trrunt
1658 933 1802 990 Doutiuuur
1831 953 1880 990 tau-
1972 959 1973 962 ¹

239 1041 302 1084 sure
316 1033 424 1094 propter
437 1021 563 1094 gaudium
579 1022 660 1090 :quia
677 1031 754 1074 nutris
765 1029 806 1074 cat
821 1017 902 1072 irumo
917 1017 942 1070 iu
955 1031 1032 1070 ruon·
1082 1029 1168 1074 etrum
1183 1036 1189 1070 :
1206 1017 1251 1088 uui
1266 1021 1418 1076 corisolatur
1431 1037 1481 1076 uus
1497 1022 1524 1076 in
1549 1023 1622 1078 uruni
1638 1024 1810 1080 tribulatione
1831 1041 1880 1082 uo·

239 1119 301 1173 duur
316 1128 359 1174 :ct
374 1131 421 1171 sus
436 1116 515 1186 igitur
530 1127 600 1169 nuuc
623 1112 732 1184 quidem
748 1111 886 1166 tristiciam
908 1108 1029 1164 lrubctis:
1083 1119 1138 1164 stru
1157 1126 1164 1164 :
1181 1120 1209 1164 ut
1221 1111 1353 1180 possituros
1366 1122 1394 1168 ιι
1408 1111 1458 1182 ipsi
1472 1111 1606 1168 cortuclari
1619 1127 1667 1168 eoa
1680 1130 1688 1168 :
1699 1115 1746 1184 qui
1761 1115 1787 1169 iu
1804 1115 1879 1172 notui

239 1210 335 1266 lterum
347 1217 435 1262 autent
453 1205 548 1262 ridelro
561 1218 627 1260 vos:
643 1213 669 1256 et
687 1201 813 1272 gaudebit
825 1217 872 1256 cur
892 1210 1030 1253 vestrum:
1085 1215 1208 1266 pressura
1221 1213 1293 1256 sunt.
1309 1203 1347 1256 lle
1362 1203 1408 1256 illu
1432 1203 1544 1258 liderrtee
1558 1221 1564 1254 :
1578 1215 1606 1260 ιι
1627 1218 1675 1274 pcr
1688 1204 1764 1260 illum
1777 1206 1804 1261 iu
1821 1219 1880 1262 teu·

240 1297 495 1372 ct145opuudiurn
523 1305 639 1352 vestrum
663 1309 744 1350 rreum
759 1294 835 1348 tollet
858 1307 872 1346 a
888 1292 973 1347 tubis.
994 1291 1031 1360 rj.
1084 1293 1186 1348 tatione
1202 1307 1254 1348 non
1275 1294 1508 1350 detentionum
1528 1309 1577 1348 nus
1596 1293 1820 1366 armisiusticie:
1835 1297 1882 1354 ilie

240 1393 337 1446 butero.
1082 1386 1157 1450 garten
1182 1384 1276 1440 salutis
1297 1386 1383 1440 munit
1396 1401 1404 1438 ι
1418 1393 1498 1456 atnoe
1518 1384 1679 1440 circumdat.
1704 1385 1744 1440 tte
1766 1387 1881 1443 adtnlta-
1973 1377 1974 1400 l

280 1481 353 1534 ilicnt
371 1477 463 1532 Presb.
488 1465 618 1532 nonium
641 1473 677 1530 sit
699 1487 765 1542 aemj
776 1487 805 1528 er
824 1472 971 1526 rolriscuur.
994 1473 1030 1539 ij.
1084 1491 1143 1530 rrurr
1154 1479 1180 1530 tu
1197 1476 1331 1545 proauus
1346 1493 1353 1531 ι
1367 1491 1401 1532 ιιι
1416 1475 1574 1544 dejiciamur
1586 1475 1612 1529 in
1626 1474 1758 1532 adversis.
1774 1477 1813 1534 lle
1829 1481 1881 1534 iur-

241 1573 276 1628 Et
290 1587 361 1628 cutrr.
1084 1569 1245 1623 ruurrdurum
1266 1569 1408 1636 spirituum
1426 1567 1544 1637 jaculis:
1562 1580 1596 1622 tre
1609 1566 1808 1624 adversantium
1829 1586 1881 1626 tro·

278 1661 405 1718 llmndu.
429 1659 552 1728 sttutrrja.
577 1657 614 1725 j.
634 1655 769 1710 Converte
796 1653 907 1708 Domine
933 1653 1031 1708 turtum
1085 1659 1125 1712 iris
1152 1667 1323 1730 purretrcmur
1338 1659 1452 1731 sopistis.
1468 1658 1503 1716 lit
1523 1675 1649 1732 pressure
1670 1663 1753 1720 moui
1768 1677 1820 1718 orta
1847 1662 1880 1716 ad

243 1767 363 1813 nostrum
379 1755 404 1808 in
416 1751 540 1824 parotium
557 1757 605 1804 :ol
617 1745 723 1803 doloret
738 1755 844 1802 novitus
859 1745 885 1800 lu
898 1744 1029 1800 lelcllmt
1047 1733 1070 1794 ll
1085 1759 1208 1808 eternam
1222 1750 1379 1820 pertralraut
1395 1749 1508 1821 glutiant
1523 1769 1530 1807 :
1545 1762 1574 1806 ut
1588 1754 1773 1810 tribulationes
1786 1753 1882 1808 muudi

242 1847 360 1916 alleluja.
1083 1842 1154 1896 druna
1170 1841 1248 1897 notris
1272 1851 1401 1912 exaptent
1421 1843 1542 1900 celestis.
1561 1844 1612 1901 Per
1630 1861 1710 1916 utrem
1723 1854 1750 1901 te
1771 1861 1883 1902 summo

281 1935 479 2006 vSoerr'jcturra.
498 1931 664 1988 Suerillcium
679 1927 1033 2000 Deuapirituecontribula·
1083 1931 1156 1988 Deus
1171 1945 1297 2002 ropamue
1311 1950 1317 1986 ς
1331 1941 1359 1988 ut
1375 1947 1481 2004 precem
1503 1933 1622 1992 Ecelcsie
1641 1947 1685 1992 tue
1706 1937 1880 1992 adtendere:
1974 1955 1975 1970 .

242 2041 305 2088 tus:
320 2045 366 2086 cur
392 2031 535 2085 contritum
559 2034 587 2080 ut
614 2023 782 2079 burniliatuur
811 2023 881 2078 trouu
907 2037 961 2078 uon
985 2021 1033 2078 de-
1082 2034 1110 2078 ct
1130 2025 1293 2096 propitiabili
1314 2024 1470 2098 dignatione
1491 2028 1524 2082 ad
1545 2029 1595 2086 bec
1614 2045 1723 2087 munem
1742 2031 1884 2104 respicere

241 2122 350 2196 mem,
1080 2115 1177 2184 jubeas
1192 2133 1199 2168 :
1215 2130 1268 2186 quc
1282 2115 1330 2172 tibi
1346 2131 1394 2186 pro
1408 2118 1559 2176 visitatione
1578 2129 1606 2176 et
1619 2123 1786 2178 relevatione
1802 2137 1884 2190 prea-

278 2214 371 2269 lisso.
388 2212 470 2268 bourn
484 2211 547 2281 :qui
565 2209 741 2265 contritorum
762 2221 815 2261 non
828 2205 940 2276 despicit
948 2205 1033 2276 peuri·
1084 2207 1226 2260 surcserri
1241 2207 1278 2262 tui
1293 2206 1325 2262 N.
1341 2207 1490 2265 ollerirnus.
1505 2209 1564 2266 lam
1575 2209 1631 2282 jorn
1642 2211 1756 2268 buutue
1772 2215 1885 2282 respice

243 2317 299 2362 tutu
314 2325 321 2362 ι
336 2314 364 2362 ιι
383 2305 542 2361 mensurium
570 2317 622 2358 non
645 2311 806 2370 aspernatur
828 2300 952 2354 allectum
974 2297 1034 2353 :la-
1085 2309 1227 2368 superent
1245 2297 1318 2356 cuttu
1335 2299 1480 2368 placabili:
1498 2312 1526 2358 ιι
1540 2303 1721 2360 misericordia
1734 2305 1885 2376 stujutari.

241 2397 392 2472 otujmusia
403 2396 526 2468 precium
541 2393 636 2450 iratres
650 2390 816 2448 dilectissimi
830 2389 1031 2460 supplicemus:
1083 2389 1204 2448 llernova
1225 2394 1259 2449 ab
1283 2395 1323 2450 eis
1336 2413 1342 2450 :
1357 2411 1373 2466 q
1393 2396 1427 2452 ud
1452 2397 1550 2454 sericio
1565 2398 1575 2438 ¹
1592 2400 1702 2472 majoris
1720 2401 1884 2472 metuistis:

241 2501 268 2546 ut
283 2491 352 2546 itane
363 2488 507 2558 singularis
518 2485 627 2540 victime
639 2485 754 2540 bruttium
769 2501 775 2536 ι
791 2495 871 2552 ettam
885 2495 934 2552 pro
948 2480 1033 2535 tribu·
1083 2484 1156 2556 qtrod
1172 2485 1325 2556 iniquorum
1347 2489 1463 2554 pratitas
1482 2489 1590 2544 intulit:
1605 2489 1675 2560 qood
1691 2503 1838 2559 pratorum
1855 2492 1885 2546 iar

242 2584 304 2641 latis
318 2581 402 2638 terris
416 2581 472 2635 suis
484 2579 516 2634 ll.
529 2574 543 2615 ⁴¹
554 2576 587 2632 sd
607 2575 797 2633 revelationem
817 2571 1033 2628 lllenterolleri·
1083 2576 1207 2632 consillia
1221 2577 1370 2632 adversitas
1384 2578 1511 2648 atttjauir.
1528 2579 1603 2648 Quod
1621 2595 1654 2636 es
1665 2579 1764 2650 jndicio
1784 2581 1887 2638 ini·
1975 2619 1976 2666 j

245 2673 463 2744 rtrm2rttpretur
486 2678 627 2740 aceeporru
647 2666 801 2738 propicius:
817 2665 1035 2734 tribuatquesot
1084 2673 1150 2722 net:
1166 2668 1236 2737 qurrd
1259 2682 1293 2722 es
1313 2667 1446 2724 cernentia
1462 2669 1658 2739 nordmanno
1676 2671 1888 2741 conspiratione
1975 2667 1976 2678 *

241 2763 367 2838 quicquid
381 2771 473 2820 contra
495 2776 541 2818 eos
555 2759 686 2818 diabolica
701 2767 801 2828 :atrjue
824 2756 939 2812 bumana
956 2753 1049 2830 moli-t
1084 2753 1264 2811 uraclr'ruatum
1286 2774 1292 2810 ε
1314 2758 1384 2826 pund
1410 2760 1580 2816 accusatione
1599 2761 1750 2816 murinum
1775 2764 1888 2832 :nond

242 2858 279 2912 vit
294 2855 443 2910 adversitas
456 2871 463 2908 ι
475 2852 507 2908 ad
522 2851 633 2908 nibilum
648 2849 751 2920 mutum
765 2867 772 2903 ε
785 2857 813 2904 ιι
825 2847 938 2904 consitio
951 2847 1033 2918 jrictu-
1085 2845 1200 2916 propriis
1217 2847 1401 2920 iniquitatibus
1426 2859 1531 2920 gestum
1547 2870 1554 2905 ι
1575 2853 1646 2924 quod
1671 2852 1764 2912 alienis
1784 2862 1835 2910 est
1856 2855 1891 2908 fl·

243 2945 277 3002 tis
291 2944 403 3001 adlidat.
420 2943 454 3000 lit
473 2943 499 2999 iu
516 2941 589 2998 nullo
603 2943 638 2998 dc
652 2938 773 2996 aduersis
786 2939 834 2996 lesi
849 2939 955 2994 :eidem
971 2952 1029 2995 ure·
1083 2935 1218 2994 ctionibus
1236 2938 1385 3010 alligatum.
1402 2939 1477 3008 Quod
1494 2945 1629 3010 pressuris
1642 2942 1767 3016 dejicitur
1779 2960 1786 2998 ε
1798 2944 1885 3014 quod

241 3046 350 3094 reantur
365 3033 444 3092 inlesi
458 3031 737 3092 uiiurresaeriircium.
757 3033 795 3101 ἡ.
809 3037 905 3088 tmerr.
1083 3028 1247 3086 muriatibue
1265 3031 1393 3100 premitur
1416 3050 1423 3086 a
1447 3034 1518 3104 qrrol
1543 3035 1671 3106 arrpustiis
1697 3036 1886 3108 angustiatur.

276 3128 336 3182 A'r'o
360 3127 452 3182 orosio.
481 3125 592 3181 llotuine
613 3122 677 3180 lesu
699 3121 824 3180 curtare:
842 3123 887 3194 qut
914 3135 962 3178 ros
986 3135 1033 3192 per
1047 3093 1070 3156 c
1085 3119 1143 3178 llon
1156 3120 1292 3193 justiciam
1312 3131 1385 3181 tustn
1400 3122 1427 3180 iu
1441 3125 1575 3196 injusticia
1589 3125 1646 3196 ejus
1659 3138 1808 3184 exerceas:
1830 3127 1886 3182 sed
1976 3152 1977 3192 j

244 3218 539 3276 rnuitnstribulatiunea
553 3213 956 3288 perducisadrcpnurrrtuunr,
972 3227 1034 3268 eru·
1085 3213 1404 3285 potiuspiutatcettuanr
1428 3217 1454 3270 iu
1478 3217 1538 3286 ejus
1561 3216 1693 3287 injusticia
1708 3213 1886 3274 manifesta:
1976 3193 1977 3210 ¹

240 3313 319 3368 dietis
332 3326 382 3368 tros
394 3308 583 3366 adver-sitarum
592 3307 690 3379 jaculis
702 3322 710 3360 a
723 3305 921 3362 adversantium
934 3317 1034 3360 acuens
1085 3315 1140 3358 nou
1152 3315 1199 3359 eos
1212 3303 1240 3358 irt
1255 3305 1441 3374 persecutione
1455 3304 1574 3376 dejicies.
1587 3305 1645 3360 Nun
1657 3305 1683 3361 in
1697 3303 1799 3378 sajetta
1814 3320 1887 3376 pru·

242 3403 465 3462 macirinatoontis
491 3417 498 3454 ι
523 3400 638 3456 oblatam
668 3397 716 3452 tibi
744 3395 812 3451 banc
839 3395 1002 3452 oblationem
1024 3411 1031 3450 a
1084 3405 1209 3450 sternas:
1226 3410 1279 3452 nort
1292 3411 1339 3467 per
1361 3399 1597 3454 nruruurratiunem
1616 3399 1743 3471 abjicias:
1758 3418 1812 3460 unu
1831 3415 1888 3470 pcc

242 3513 321 3568 quarn
349 3495 397 3552 tibi
421 3495 543 3552 Ecclesia
570 3502 614 3550 tua
642 3509 690 3563 pro
714 3492 870 3548 liberatione
893 3506 1033 3548 servornm
1085 3483 1253 3540 tolerantiam
1268 3485 1375 3558 perdas.
1399 3484 1451 3542 Sed
1466 3504 1513 3556 per
1537 3487 1735 3548 tribulationem
1750 3507 1884 3550 cseoee:

241 3601 349 3648 tuoruru
372 3588 647 3644 ll.oliurt:sereuut
669 3597 788 3653 accepta.
810 3585 868 3638 Nun
890 3598 937 3640 eus
960 3582 1033 3640 iratus
1085 3576 1268 3644 perpierateur
1292 3575 1696 3648 adtoliuzpcrnriscricordiam
1713 3583 1886 3653 cegeuene
1949 3627 1954 3640 ,

245 3684 360 3740 lruruana
375 3681 494 3754 dejiciat.
516 3679 573 3734 Nun
597 3685 642 3734 tuo
661 3677 746 3732 duitas
768 3691 800 3732 ea
813 3675 916 3749 jrntieio
932 3677 1029 3744 puniar.
1084 3680 1133 3737 per
1153 3676 1179 3724 te
1202 3667 1236 3722 alt
1259 3667 1428 3724 inimicorum
1454 3667 1647 3738 jacultatuctt
1661 3688 1668 3724 :
1682 3671 1731 3728 irae
1758 3676 1884 3741 presenti

244 3777 303 3834 Non
319 3773 443 3846 iniquitas
459 3773 563 3842 propria
579 3786 650 3824 :rrnu
665 3772 813 3824 universitas
828 3769 1031 3838 arptratuiicua:
1086 3760 1258 3818 tribulatione
1284 3761 1402 3830 esernpti
1426 3779 1432 3816 :
1458 3762 1540 3818 iteum
1564 3763 1591 3818 in
1614 3761 1733 3819 trinitate
1753 3779 1883 3822 corconna

244 3870 266 3922 ei
289 3866 351 3938 quid
367 3865 414 3920 ribi
435 3865 613 3932 delirrquuut:
629 3861 736 3929 ignosce
751 3877 757 3912 :
770 3859 856 3926 sinuit
871 3857 1031 3914 offendunt:
1085 3865 1151 3908 uoce
1173 3850 1370 3922 proclamantes
1395 3861 1476 3922 atque
1494 3851 1529 3906 ita
1548 3851 1679 3908 diceutes.
1699 3853 1883 3922 insanusne,

242 3957 367 4012 erunibus
380 3965 408 4012 tu
423 3955 527 4009 dimitte
540 3969 546 4008 :
558 3953 690 4008 submove
703 3949 738 4008 ab
751 3953 790 4006 cie
810 3952 944 4006 cruciatus
958 3965 1034 4006 nieu-
1085 3944 1209 4003 Sanctus
1224 3943 1349 4000 Sanctus.

243 4049 278 4104 tia
291 4048 392 4104 simul:
408 4047 573 4117 egritudines
586 4044 674 4100 contis
687 4054 714 4100 ct
728 4044 859 4108 corporis.
872 4042 907 4099 Ut
922 4049 949 4098 ιι
959 4059 1033 4098 cour·
1123 4033 1186 4090 Post
1200 4035 1323 4090 Sotcltttr
1339 4033 1409 4090 Veto
1422 4044 1554 4090 sanctus:
1572 4049 1635 4090 vers
1648 4033 1807 4092 benedictus
1822 4037 1882 4094 Du·

243 4139 333 4212 puncti
348 4138 430 4194 corde
443 4135 579 4207 ruurrirunt
593 4153 600 4190 a
617 4145 644 4190 ιι
657 4148 671 4186 a
688 4145 714 4189 ιι
728 4134 780 4189 acti
795 4147 849 4188 uotr
864 4131 973 4190 doleant
987 4147 1035 4203 per
1086 4125 1174 4181 rninus
1188 4135 1281 4182 noster
1294 4124 1373 4181 lesus
1395 4125 1519 4181 Clrristus
1532 4144 1538 4180 :
1552 4127 1597 4196 qui
1619 4127 1658 4183 sic
1679 4141 1730 4182 uus
1744 4127 1787 4184 bie
1801 4146 1808 4182 ε
1825 4131 1881 4186 tri·

245 4241 271 4289 te
290 4230 452 4298 sustentati:
468 4229 580 4284 adversa
602 4225 770 4295 tlesjriciunt:
784 4232 812 4280 et
835 4239 850 4280 a
874 4232 900 4280 ιι
921 4226 1035 4282 correcti
1086 4216 1250 4274 bulatiouum
1264 4230 1376 4273 censura
1390 4218 1530 4272 contundit
1543 4232 1551 4271 a
1565 4218 1767 4274 adversantium
1779 4220 1880 4275 stium-

241 4327 544 4396 ddisentereruuuaut.
568 4319 604 4390 ij.
621 4319 717 4375 brnen.
1087 4309 1120 4364 lis
1145 4309 1234 4365 erudit
1254 4326 1261 4362 z
1278 4308 1450 4364 lacerantium
1478 4307 1686 4364 adversitatibus
1714 4311 1809 4380 iraupit
1824 4329 1833 4365 ι
1851 4322 1880 4366 ot

277 4415 342 4472 l’ost
363 4417 479 4470 somnino.
502 4411 602 4468 Oratio.
618 4407 792 4466 Ollareutiunt
807 4405 853 4462 tibi
872 4405 906 4462 de
921 4403 1035 4462 numini·
1050 4408 1148 4502 „post
1161 4399 1268 4456 dolores
1282 4401 1421 4456 veniamus
1435 4399 1516 4474 451
1528 4400 1560 4454 ad
1572 4401 1693 4471 requiem
1708 4418 1716 4456 :
1730 4413 1789 4472 post
1804 4403 1880 4458 labo-

242 4511 292 4568 bus
318 4508 436 4566 recitatis
463 4503 656 4576 :postulamus
685 4501 894 4556 urisericurdiarn
929 4497 1034 4566 pictatis
1086 4490 1330 4549 reszinvcuiatuua
1344 4491 1573 4546 mercedematrio
1587 4490 1633 4546 tibi
1656 4492 1735 4548 l’ater
1756 4493 1879 4564 orttrripn·

184 4639 188 4646 ·
241 4609 309 4654 tue:
325 4611 353 4652 ut
373 4599 459 4652 neruis
472 4595 527 4650 tuis
539 4592 571 4649 ll.
589 4594 614 4648 in
641 4591 774 4662 pressuris
796 4592 927 4644 iuteresse
942 4587 1035 4660 digne·
1085 4594 1145 4640 teus
1159 4581 1209 4638 ltec
1223 4579 1354 4638 sacriliciu
1366 4597 1374 4635 z
1384 4577 1498 4636 reddath
1511 4598 1518 4634 :
1533 4581 1576 4636 bic
1588 4582 1690 4636 trostrie
1700 4583 1823 4651 precibus
1842 4589 1879 4638 ‘a-

242 4691 290 4746 ris.
315 4687 372 4744 Nou
398 4701 451 4755 utro
470 4699 517 4739 cns
531 4693 543 4723 ⁸
556 4683 670 4738 vivendo
692 4685 803 4735 darrruea
820 4679 888 4746 ‚secl
910 4691 964 4749 eun
987 4691 1035 4733 eos
1086 4681 1167 4730 reat:
1182 4672 1225 4728 iric
1239 4684 1331 4728 seruos
1345 4679 1404 4725 tuos
1431 4671 1462 4726 tt.
1478 4685 1525 4741 pru
1538 4672 1636 4743 quibus
1656 4673 1705 4728 trec
1721 4672 1769 4728 tibi
1785 4671 1876 4727 ‹tourr-

243 4776 369 4848 patieudu
386 4773 520 4830 tatridecs
532 4789 539 4825 ι
553 4781 581 4826 ut
605 4782 652 4825 tuo
677 4769 793 4824 roborati
815 4767 914 4822 auritio
929 4767 1034 4838 gratie.
1088 4779 1148 4820 mus
1158 4763 1246 4820 dont:
1261 4764 1295 4818 ab
1313 4763 1439 4818 omnibus
1450 4763 1582 4832 pressuris
1597 4763 1719 4818 abetdrat
1733 4783 1740 4818 :
1754 4779 1785 4818 ae
1798 4765 1876 4819 redi-

243 4870 278 4924 ab
293 4867 444 4922 iutrniuctrti
468 4865 616 4921 liberentur
639 4861 972 4934 oppressionezlrisnuea
988 4873 1035 4915 no·
1085 4863 1160 4910 ruat:
1175 4861 1203 4910 el
1228 4852 1315 4924 gratie
1345 4862 1390 4909 tue
1421 4853 1521 4909 eisdem
1554 4852 1708 4922 urrautortm
1739 4851 1876 4922 tuultipics

243 4958 285 5014 bis
299 4955 394 5012 ironiis
408 4957 547 5010 itrvncatus
561 4970 567 5007 :
581 4962 610 5008 et
622 4951 756 5010 defunctis
770 4954 902 5010 cutrcedus
915 4953 1035 5026 requicut
1085 4945 1206 5002 solamen
1223 4943 1373 5016 imperciat.
1394 4941 1517 5000 Cirristus
1532 4945 1659 5001 llnruinus
1673 4959 1705 5000 ac
1724 4943 1876 5014 redemptor

243 5049 421 5120 jrocutmrm.
443 5045 482 5114 ij.
499 5046 595 5100 Arnen.
1085 5043 1205 5091 eternus.

278 5139 318 5193 Ad
330 5153 428 5210 porern
442 5135 544 5192 dirutis.
558 5133 680 5190 uisurus
693 5134 737 5189 illa
758 5147 832 5204 :nne
847 5133 1035 5206 perspiritum
1124 5123 1186 5181 Post
1207 5123 1302 5196 pridie.
1319 5123 1420 5180 Oratio.
1436 5124 1507 5180 iletre
1526 5120 1570 5194 qui
1588 5122 1728 5178 tribulatos
1741 5123 1873 5178 cordesa·

243 5231 373 5290 Sanctum
387 5227 486 5284 troanie
500 5233 542 5282 est
557 5225 652 5281 eitun
667 5225 816 5282 visceribus
831 5244 837 5280 ι
854 5235 881 5284 te
901 5227 971 5283 brus
986 5225 1036 5282 Pu·
1085 5230 1135 5274 naa
1157 5234 1164 5272 :
1183 5225 1212 5274 et
1225 5214 1398 5272 mestificatos
1412 5223 1472 5270 actu
1489 5215 1622 5286 justificas
1638 5231 1646 5268 ι
1661 5215 1730 5272 banc
1743 5211 1875 5284 propicius

278 5357 669 5496 :ittjjli;.js:j.iflii:
1088 5352 1275 5484 uttmttt
1292 5345 1872 5488 stitutiotr.tttttll²¹.lt¹.²ti

280 5517 292 5548 ι
307 5505 480 5576 Snerijicirrrn.
498 5503 542 5558 i’s.
555 5519 581 5568 t..
600 5501 643 5556 tlt.
1087 5498 1242 5552 trrltuuitatis
1252 5507 1331 5550 cauta
1342 5497 1442 5548 utitur:
1461 5493 1511 5545 lrr'rt
1524 5493 1650 5562 precipis,
1667 5489 1768 5546 suetae
1780 5487 1871 5554 stnjor,

279 5575 293 5615 l
308 5577 347 5630 ilat
361 5575 551 5630 recutitorum.
566 5575 635 5640 leue
650 5571 684 5625 ud
699 5569 888 5626 celerationem.
1088 5569 1172 5637 iuquit
1190 5567 1346 5620 ctruaraurru
1359 5577 1407 5618 stro
1419 5564 1549 5618 scribens.

282 5657 294 5683 ἕ
316 5649 436 5702 l'ioendu.
466 5643 555 5708 Fonte,
570 5639 715 5698 indicando.
1123 5649 1136 5687 ιι
1151 5635 1234 5693 Turti.
1249 5635 1338 5698 Forte,
1352 5634 1436 5696 trosti.
1452 5632 1478 5687 ltl
1491 5642 1544 5704 ιιι,
1557 5631 1651 5702 erepti.

284 5715 293 5755 ¹
313 5719 430 5790 llujort'a.
447 5717 501 5772 ttuc
517 5716 575 5771 lucu
591 5716 673 5784 rrrnjur
684 5711 767 5783 judex
793 5711 849 5770 tlte
868 5715 1038 5786 ttragistrutus
1124 5707 1137 5747 Β
1154 5709 1264 5765 tteodnt.
1280 5705 1473 5776 lltltluttccsplo.
