3990 6302
521 351 676 423 ‘ussus
695 361 832 420 ιιιιιτυιι
851 359 927 418 sec.
950 357 1029 415 nse.
1051 361 1080 416 u.
1102 359 1237 418 usinum.
1253 389 1286 402 -
1303 359 1390 417 nass
1409 359 1428 417 ι.
1733 359 1785 415 un

665 472 712 512 ²·
728 477 939 546 redempturum.
957 473 1135 544 ASeqrterrtin
1151 473 1264 546 Epistola
1274 473 1354 530 Pnuli
1367 475 1403 529 orl
1423 474 1600 546 Philippenses
1612 474 1635 546 (e
1648 473 1713 540 Cup.
1728 473 1786 540 ll).

951 611 956 620 .
1034 567 1150 624 fratrea.
1167 569 1223 624 lloc
1234 569 1332 624 sentite
1345 569 1372 623 in
1396 568 1470 622 rubis
1486 585 1493 622 ι
1509 567 1580 637 quotl
1592 573 1620 622 ct
1634 567 1660 621 ln
1675 565 1784 620 Gbriato

898 655 947 712 ¹¹⁰0
998 656 1071 712 lusu.
1086 659 1137 727 Qui
1158 673 1219 714 cum
1235 658 1261 714 ln
1276 659 1360 714 torma
1377 657 1423 714 Dei
1435 667 1508 714 esset
1523 674 1531 712 ι
1546 673 1598 711 non
1613 657 1732 726 rapinum
1743 669 1787 708 ar·

1000 747 1110 803 'ituatur
1131 756 1173 804 est
1186 763 1245 804 esso
1259 763 1290 804 se
1308 747 1430 818 equalem
1450 747 1506 804 Deo
1521 765 1527 802 :
1544 746 1591 802 scd
1613 747 1786 814 semetipsum

1099 840 1149 893 ‘·²it
1164 858 1170 894 :
1184 837 1296 895 formam
1314 840 1384 896 serti
1398 839 1531 908 accipiens
1544 839 1571 892 in
1586 835 1785 894 sitrtilitutlinanu

1157 942 1231 987 notus
1248 941 1294 986 :et
1307 931 1397 985 babitu
1411 929 1536 985 iuuentus
1546 938 1573 983 ut
1586 928 1674 981 borno.
1692 926 1787 980 Dumi-

1119 1021 1259 1093 nneti'pauuu
1275 1022 1359 1078 laetus
1373 1021 1498 1078 obediens
1513 1033 1598 1088 usquo
1608 1019 1641 1072 ed
1653 1027 1785 1072 mortem:

1079 1130 1112 1167 nn
1134 1123 1222 1170 autom
1249 1113 1345 1168 crucia.
1360 1112 1473 1181 Propter
1484 1111 1555 1182 qrrotl
1571 1119 1598 1165 et
1620 1109 1690 1164 Deus
1712 1106 1787 1162 illum

1047 1204 1141 1259 citarit
1155 1221 1161 1256 :
1176 1212 1203 1258 et
1212 1204 1320 1259 donanis
1332 1203 1368 1258 illi
1381 1219 1477 1257 nornen
1489 1216 1570 1270 super
1579 1213 1658 1254 omne
1672 1211 1788 1252 nornen:

1005 1301 1031 1346 nt
1052 1295 1078 1349 Ιιι
1096 1291 1206 1348 nouniue
1219 1291 1283 1348 lesu
1297 1307 1376 1348 omne
1390 1305 1458 1362 gerru
1470 1291 1610 1346 lleetatnr:
1626 1289 1764 1344 celestium
1781 1303 1788 1341 :

1002 1386 1166 1441 temeririum
1182 1403 1190 1440 ε
1205 1394 1232 1440 rt
1254 1385 1427 1442 infernorum.
1445 1384 1478 1438 Et
1491 1382 1579 1438 omnis
1601 1380 1689 1450 lingua
1702 1378 1788 1434 cornil·

1003 1485 1088 1530 teatur
1104 1493 1110 1530 :
1125 1475 1186 1545 quoia
1201 1474 1328 1530 Dominus
1349 1472 1427 1529 icens
1441 1471 1564 1527 Dbriatur
1589 1472 1616 1527 iu
1637 1471 1721 1540 glorie
1746 1476 1791 1525 est

1002 1565 1049 1624 Dei
1062 1567 1158 1622 Petris.
1169 1565 1260 1638 ltaque
1271 1567 1366 1620 tratres
1376 1563 1428 1620 mai
1442 1564 1513 1620 sicut
1525 1577 1632 1632 aernper
1642 1560 1768 1616 obedistis
1782 1575 1789 1612 :

855 1666 952 1736 nerdu-
1002 1673 1055 1715 uon
1069 1658 1096 1713 in
1111 1657 1242 1728 presentia
1256 1672 1315 1714 rura
1329 1667 1429 1712 tantum
1446 1674 1453 1709 :
1469 1655 1516 1713 seri
1531 1655 1615 1709 tunultu
1626 1653 1709 1723 iringis
1721 1667 1792 1707 num

819 1761 887 1829 spes
900 1773 951 1830 qus
1004 1751 1030 1806 iu
1045 1749 1163 1806 absolutio
1178 1763 1237 1806 rura
1253 1767 1260 1802 ε
1275 1765 1336 1804 cunt
1357 1751 1470 1806 metuet
1491 1757 1606 1804 tremore
1620 1757 1735 1802 rostram
1750 1759 1792 1798 sa·

773 1862 808 1904 ,ut
819 1851 952 1906 sustinere
971 1823 1087 1900 ¹3lutem
1101 1842 1259 1910 oneramini.
1275 1841 1295 1896 D
1313 1857 1344 1897 us
1360 1850 1401 1896 est
1418 1842 1490 1897 enim
1504 1842 1548 1911 qui
1562 1839 1730 1910 operatorio
1747 1853 1792 1892 ro·

737 1945 811 1998 ciens
831 1959 839 1998 :
858 1952 886 1998 ot
910 1942 953 1998 lric
1003 1937 1046 1993 hia
1062 1957 1068 1991 :
1084 1945 1112 1992 et
1126 1936 1194 1992 rollo
1206 1943 1233 1990 et
1254 1933 1382 2003 ncrbeere
1395 1947 1443 2004 uno
1454 1933 1521 1986 buna
1537 1930 1682 1986 mlnntntc.
1697 1929 1793 1985 onmia

697 2035 789 2090 nortia
804 2035 879 2091 robis
893 2049 954 2106 pre·
1003 2037 1093 2082 nutem
1109 2025 1188 2080 lecito
1210 2026 1268 2078 stne
1282 2019 1537 2076 murmurationibus
1553 2036 1559 2072 :
1575 2028 1603 2073 et
1627 2016 1793 2073 hesitationi-

665 2129 715 2184 Der
737 2129 951 2184 misericordiam
1004 2120 1053 2174 ltus
1066 2133 1073 2171 :
1087 2128 1114 2172 ut
1129 2115 1188 2172 eltis
1208 2114 1267 2170 siue
1288 2113 1397 2184 querela
1410 2128 1417 2165 ε
1431 2119 1460 2168 et
1476 2109 1610 2180 rirrrplicer
1630 2107 1657 2162 in
1678 2106 1791 2161 aduentu

621 2233 714 2286 emper
733 2219 883 2274 rubianum.
914 2218 952 2288 ii.
1003 2211 1050 2269 Dlii
1065 2211 1112 2268 Dei
1128 2227 1136 2264 ι
1150 2209 1425 2279 sinoreprebensione
1436 2207 1461 2262 iu
1473 2205 1562 2262 merliu
1577 2204 1691 2260 nationis
1709 2215 1793 2272 prore

938 2305 940 2314 ’
1002 2311 1031 2360 ot
1053 2317 1176 2376 preverse
1190 2319 1197 2356 ι
1211 2301 1283 2358 iuter
1304 2315 1372 2372 quos
1391 2299 1487 2355 lucetis
1512 2298 1580 2354 sicut
1602 2294 1742 2352 luminaria
1765 2294 1792 2348 in

1004 2394 1103 2452 mumlo
1118 2412 1124 2448 :
1141 2393 1251 2448 rorbum
1265 2392 1319 2446 rite
1339 2391 1508 2446 continentes
1521 2388 1555 2444 ed
1568 2385 1683 2458 gloriam
1703 2399 1791 2439 mount

1004 2486 1030 2542 in
1054 2485 1098 2542 dio
1112 2484 1221 2540 Christi.
1237 2481 1372 2550 Qnianon
1388 2481 1415 2536 in
1432 2493 1545 2535 recuuru
1565 2477 1691 2533 cucurri:
1707 2487 1793 2544 oeque

1004 2578 1032 2633 la
1046 2591 1160 2632 vacuum
1181 2574 1311 2632 laborari.
1325 2571 1380 2630 Sati
1392 2571 1444 2629 etsi
1458 2571 1581 2628 immolor
1591 2583 1673 2639 supra
1687 2567 1795 2624 sacriti-

1002 2667 1074 2725 'oimn
1085 2677 1113 2723 at
1132 2667 1291 2737 obsequium
1305 2666 1367 2721 illei
1382 2675 1470 2720 uestra
1485 2681 1492 2717 :
1506 2663 1609 2731 gaudeo
1631 2669 1659 2716 et
1680 2670 1794 2727 congre·

1005 2759 1209 2816 tuloromnibus
1224 2757 1309 2814 robis.
1325 2757 1441 2826 idipsum
1463 2763 1490 2812 et
1504 2751 1586 2826 274
1597 2765 1647 2808 ros
1659 2749 1793 2822 gaudete:

431 2876 684 2934 pssmcosffis·
1004 2858 1033 2906 et
1046 2846 1270 2920 congratulamini
1284 2845 1359 2902 milis
1378 2846 1416 2916 ri.
1431 2847 1527 2902 Amen.

305 3019 314 3035 .
333 2984 475 3048 hominu,
487 2991 617 3063 regnam,
1005 2961 1092 3018 boetio
1109 2961 1191 3017 corneti
1211 2957 1346 3029 Duuaqelii
1365 2959 1504 3016 recentium
1527 2955 1668 3013 ilattlrrttm
1683 2953 1716 3027 (¹¹
1729 2953 1794 3024 Cap.

267 3092 290 3126 ¹·
303 3071 347 3132 To
363 3083 477 3140 excelsa
493 3083 562 3140 laus.
1311 3046 1395 3117 Vm»
1420 3048 1458 3103 ῙΧ
1472 3048 1493 3120 )·

242 3175 279 3218 -tt
301 3165 329 3224 iu
356 3175 443 3244 primo
470 3171 604 3230 Dominico
628 3181 685 3246 port
709 3171 887 3232 Pentecosten.
903 3173 991 3246 fulc
1041 3167 1088 3224 lllo
1111 3167 1137 3222 iu
1163 3176 1294 3237 ternpmo.
1309 3163 1438 3220 Dominus
1463 3170 1554 3218 noster
1577 3159 1654 3216 ierus
1676 3158 1796 3214 cbristus

1006 3277 1065 3321 cum
1076 3261 1191 3318 venisset
1204 3271 1276 3315 trans
1288 3259 1383 3315 luctum
1395 3258 1420 3312 ln
1432 3257 1566 3330 regionem
1577 3253 1774 3310 Gerasenorum
1787 3269 1794 3306 ε

1006 3365 1177 3411 occurrerunt
1205 3367 1229 3408 e.
1256 3352 1310 3408 duo
1334 3349 1462 3407 babentes
1478 3348 1602 3405 uetnunia
1619 3364 1625 3400 :
1640 3346 1674 3402 tle
1697 3358 1792 3400 ιιιοιιιι-

1007 3446 1105 3502 mentis
1130 3453 1259 3502 escuutea
1285 3444 1340 3499 susi
1368 3441 1521 3498 nimis2ita
1544 3447 1573 3495 ut
1601 3454 1679 3494 nemo
1707 3445 1796 3506 posset

540 2409 562 2455 ,ι
575 2398 674 2456 silete.

479 2489 648 2634 mcorpora.
664 2488 747 2557 Qurre
763 2489 871 2546 retroire
890 2491 954 2560 {erto

432 2673 529 2728 „tnrlsti
542 2673 670 2742 Corpore.
686 2675 734 2748 [ol.
748 2675 813 2730 etl.

386 2785 432 2840 n'D
448 2781 608 2840 DDbilNch
622 2781 706 2841 PDST
727 2783 863 2844 tsssrtttt

244 3348 324 3407 Lectio
338 3353 408 3410 Libri
428 3355 515 3428 anyr
536 3356 666 3426 Propheta
689 3355 714 3426 (a
731 3355 797 3428 Gap.
812 3353 884 3426 ab).

224 3445 256 3506 ἢ.
271 3445 323 3502 Deo
334 3450 444 3518 gratius.

220 3541 267 3602 lite
279 3539 340 3598 dicit
351 3541 486 3598 Dominus.
500 3541 598 3598 berete
611 3540 639 3595 in
653 3539 788 3599 excelsum
807 3541 899 3596 oeulos
911 3555 958 3597 re·
1007 3537 1120 3594 transire
1143 3552 1189 3605 per
1202 3536 1270 3590 riom
1286 3535 1371 3590 illam.
1389 3533 1420 3588 lit
1431 3545 1494 3588 ecce
1508 3531 1688 3586 clamaverunt
1703 3527 1796 3582 licen·

194 3649 251 3702 atros
268 3647 277 3689 ι
293 3641 319 3688 et
330 3631 414 3690 uidete
427 3632 489 3703 quis
507 3632 608 3688 crearit
623 3631 684 3688 boc.
697 3631 746 3698 Qui
761 3630 852 3688 educit
864 3629 890 3685 iu
906 3647 957 3688 uu·
1008 3638 1058 3685 tcs.
1074 3627 1141 3696 Qntu
1166 3627 1243 3683 nobis
1267 3636 1294 3682 et
1316 3626 1362 3683 tibi
1380 3624 1445 3683 tesu
1468 3622 1516 3679 Fili
1541 3622 1605 3677 Dei?
1620 3617 1721 3676 Venisti
1745 3617 1797 3672 ¹¹¹¹ss

193 3739 255 3790 mero
274 3719 393 3776 miliciam
406 3737 498 3778 cornm
521 3737 528 3776 ι
549 3731 576 3780 et
587 3737 680 3778 ornnes
700 3737 732 3778 ex
748 3723 855 3778 numine
868 3730 957 3778 ruent.
1008 3736 1070 3780 ante
1085 3733 1189 3792 tempus
1203 3731 1328 3794 torquere
1343 3721 1410 3776 nusi
1423 3721 1488 3776 Erat
1502 3728 1590 3773 autem
1607 3729 1659 3770 non
1677 3715 1753 3783 louge
1764 3711 1798 3767 ub

191 3817 233 3881 ita
252 3813 415 3872 multitudiue
433 3813 596 3870 fortitudinia
617 3823 644 3870 et
673 3815 779 3872 roboris
802 3817 958 3887 virtutisque
1008 3817 1060 3874 illis
1077 3817 1452 3890 grexmultorumporcorum
1469 3825 1590 3882 pascens.
1609 3809 1798 3863 Dernoncsuu·

187 3907 236 3984 rjus
254 3920 262 3960 ι
279 3917 361 3973 neque
371 3919 451 3958 unum
462 3903 594 3974 reliquum
607 3903 664 3961 luit.
677 3905 764 3974 Quem
774 3905 839 3963 ulicis
853 3906 956 3962 tneob:
1009 3919 1062 3965 tem
1090 3911 1218 3980 rogabant
1242 3923 1303 3962 euru
1326 3905 1457 3962 dicentes.
1480 3901 1508 3960 Si
1532 3901 1607 3971 eiicia
1631 3914 1679 3954 nm
1713 3899 1796 3952 binc:

185 4006 208 4052 et
227 3995 337 4063 torrueris
349 3993 449 4055 lsrael:
469 3995 626 4050 absconditu
649 4006 691 4052 est
713 3997 756 4050 ria
782 4011 840 4050 mco
865 4011 880 4051 a
907 3996 958 4050 Do·
1008 4005 1083 4060 mitte
1098 4017 1147 4058 uos
1166 4001 1193 4056 in
1216 4013 1322 4070 gregem
1346 4013 1496 4068 porcorum.
1510 3993 1543 4048 Et
1564 3993 1600 4046 nit
1615 3991 1676 4047 illis.
1694 3989 1739 4045 lte.
1763 3990 1798 4042 bt

185 4089 248 4150 ritino
266 4101 274 4140 r
293 4095 355 4142 otu
383 4087 440 4144 Deo
464 4103 525 4152 meo
544 4089 675 4159 judicium
698 4103 786 4144 meum
815 4089 958 4144 transibitt
1009 4079 1797 4158 illiexeuntes:abieruntiupnrcosDtcccemugnoim·

181 4177 293 4248 liunnuitl
308 4177 396 4234 noscis
415 4187 461 4234 eut
484 4194 537 4234 nou
560 4179 680 4238 audisti?
694 4179 764 4238 Deus
780 4182 958 4250 sempiternus
1009 4195 1071 4258 patu
1098 4186 1162 4242 abiit
1181 4194 1252 4241 totus
1266 4198 1330 4254 grex
1354 4195 1464 4252 preceps
1489 4182 1513 4232 in
1537 4193 1611 4232 nture
1628 4194 1634 4229 :
1650 4189 1675 4230 ot
1697 4171 1794 4226 mortui

180 4270 300 4334 nunninus
313 4269 356 4340 qni
374 4271 478 4326 creauit
491 4271 619 4325 terminos
634 4280 703 4326 terre
718 4286 770 4324 non
785 4270 893 4327 deliciet
907 4287 956 4328 nc·
1009 4291 1071 4334 sunt
1086 4277 1111 4330 in
1124 4273 1209 4346 aquis.
1225 4275 1349 4330 Pastorus
1359 4279 1446 4326 nutem
1461 4269 1593 4340 lugcrunt.
1607 4267 1639 4321 Et
1656 4266 1795 4320 sentientes

176 4373 226 4430 que
239 4358 366 4414 laborabit
387 4373 395 4416 ι
416 4369 525 4414 noceat
547 4359 718 4430 investigatio
732 4361 862 4430 sapientie
884 4364 954 4432 cJus.
1009 4370 1035 4426 tn
1056 4370 1190 4424 sistrorum
1208 4385 1214 4421 :
1231 4366 1423 4421 nunciaverunt
1450 4361 1499 4416 beo
1522 4359 1609 4412 bruttia
1625 4375 1632 4411 ε
1648 4366 1676 4411 et
1698 4356 1731 4410 de
1755 4355 1796 4409 bis

174 4447 222 4516 Qui
235 4447 280 4503 alut
292 4449 361 4504 lasso
373 4449 499 4503 uirtutem
521 4469 530 4508 e
550 4458 577 4502 ct
593 4449 634 4504 tris
648 4449 693 4520 qui
714 4465 766 4504 non
786 4461 848 4504 sunt
871 4470 879 4509 ι
900 4451 954 4506 lor·
1009 4459 1052 4530 qut
1064 4457 1185 4514 demonis
1198 4456 1355 4511 habuerant,
1373 4453 1406 4508 Ει
1419 4463 1482 4506 ecce
1497 4457 1548 4504 torn
1564 4447 1654 4503 civitat
1670 4445 1735 4501 exiis
1748 4443 1796 4496 ob·

172 4537 309 4597 titudinem
324 4548 352 4598 et
368 4539 450 4594 robur
460 4539 629 4610 multiplicat.
646 4538 776 4596 Dclicient
790 4541 864 4612 pueri
876 4550 903 4598 ot
917 4547 957 4596 tn·
972 4525 995 4584 υ
1012 4549 1080 4604 tiam
1095 4547 1157 4604 iesu
1172 4565 1179 4600 :
1195 4557 1221 4601 et
1237 4546 1292 4600 riso
1306 4557 1340 4599 eo
1355 4559 1363 4597 ε
1378 4540 1506 4612 rngnbeut
1524 4554 1584 4594 cum
1604 4556 1610 4592 ε
1627 4547 1655 4591 ιιι
1670 4535 1795 4590 transiret

169 4629 300 4685 bnrebuut
321 4646 329 4686 e
347 4638 376 4684 ct
400 4629 513 4700 juvenes
538 4630 563 4685 in
588 4627 743 4686 infirmitate
765 4631 861 4686 cudent
883 4650 890 4688 :
910 4633 955 4702 qui
1009 4640 1136 4697 alinibue
1158 4653 1260 4696 corum.
1275 4637 1309 4694 Et
1323 4634 1470 4692 ascendens
1487 4633 1564 4692 lesus
1585 4632 1610 4688 in
1626 4629 1794 4687 nuciculam:

163 4719 259 4780 autern
276 4729 385 4789 sperent
402 4721 429 4775 iu
447 4718 583 4776 Domino:
606 4721 747 4779 mutabunt
761 4720 955 4796 fortitudinem.

161 4811 313 4866 Assurnent
324 4825 426 4882 pennus
438 4821 467 4867 ut
480 4815 568 4883 oqtrile
590 4832 598 4873 :
618 4823 729 4870 current
748 4825 775 4870 et
787 4833 838 4870 non
851 4815 957 4870 labora·

159 4901 234 4962 burst
256 4917 266 4957 e
285 4903 459 4958 ambulabunt
471 4912 498 4959 et
515 4920 567 4959 non
588 4905 722 4962 deficient.
747 4905 785 4976 ἢ.
800 4907 897 4962 Arnen.

197 4995 281 5058 Dicat
307 4993 444 5062 Prerbitrr.
464 4997 591 5054 Dominus
613 4997 648 5056 sit
673 5013 781 5070 semper
807 5000 954 5056 robiscum.

163 5086 208 5154 n.
229 5085 264 5142 Et
278 5101 351 5141 cum.

196 5175 211 5216 ⁸
233 5175 386 5233 Prollerrdn.
403 5179 443 5232 ab
457 5179 567 5236 occrnltis
579 5181 645 5240 meis
660 5181 813 5238 munda-mo
825 5181 956 5238 Domine.

155 5281 184 5326 ot
202 5269 241 5326 ab
256 5269 353 5324 attente
369 5285 449 5338 perce
460 5285 539 5328 servo
554 5281 610 5327 tuo.
635 5273 672 5342 γ.
688 5272 845 5329 sinteinan
862 5272 961 5329 iucrint

157 5362 298 5418 norninati
314 5369 377 5417 tunc
390 5360 575 5419 immaculatus
587 5377 637 5420 ero
652 5381 658 5418 :
674 5373 701 5419 ct
723 5363 870 5419 mundabor
884 5379 899 5418 a
912 5361 960 5419 rie·

157 5451 231 5509 licut
245 5467 356 5523 magun.
369 5449 404 5507 P.
420 5453 454 5508 Et
466 5452 502 5508 ab
514 5453 621 5508 alienia.

199 5539 280 5597 Dicet
302 5539 441 5599 Prerbitrr.
457 5543 595 5600 Silentium
611 5543 699 5602 facite.

200 5705 214 5732 ⁶·
230 5695 296 5763 Con.
312 5693 371 5750 at.
389 5697 463 5752 iure.
479 5697 525 5762 26,
542 5697 573 5750 aul
589 5699 666 5753 linem
678 5697 782 5766 cupitis.

200 5765 382 5822 bl’nnllentlo.
395 5765 437 5822 Ιί.
455 5782 527 5822 ιιιιιι
547 5767 587 5822 lb.
611 5768 647 5836 j.
667 5766 742 5832 tutu..
762 5767 800 5827 ll.

1011 4730 1192 4788 transfretavit
1204 4737 1232 4786 et
1245 4728 1317 4785 renit
1327 4727 1353 4783 in
1368 4724 1502 4782 eiritutsrn
1511 4739 1598 4780 sunm.
1617 4725 1647 4778 lit
1658 4736 1721 4779 ecce
1734 4721 1798 4776 olle·

1011 4822 1105 4877 rcbunt
1119 4820 1143 4876 ei
1159 4819 1321 4890 paraliticum
1340 4817 1473 4888 jnceutmn
1494 4815 1612 4872 inlecto.
1630 4811 1728 4868 videns
1749 4826 1798 4866 an·

1012 4922 1065 4966 teru
1087 4908 1166 4966 lesus
1187 4907 1265 4963 Diem
1289 4903 1497 4962 illoruruzdblt
1519 4903 1665 4975 paraliico.
1690 4900 1799 4958 Cornbde

1010 5001 1046 5060 tttt
1062 5017 1069 5054 ι
1085 4999 1254 5055 remittuntur
1268 4996 1314 5052 tibi
1329 5007 1436 5068 peccate
1449 5005 1503 5051 tua.
1521 4997 1553 5050 Et
1572 5011 1634 5052 ecco
1645 4995 1751 5066 qutidam
1769 4995 1818 5050 du.

1009 5091 1104 5148 scribis
1122 5091 1247 5145 diroruut
1269 5090 1338 5144 iutra
1353 5104 1393 5146 ss.
1415 5088 1466 5144 llic
1484 5087 1661 5159 blasphemat.
1684 5087 1718 5142 Et
1741 5099 1801 5142 cum

1011 5180 1122 5238 uidisset
1145 5178 1224 5236 lusus
1252 5181 1426 5251 cogitationes
1446 5194 1538 5234 eurum
1556 5197 1562 5234 :
1579 5179 1652 5236 lixit.
1673 5177 1708 5236 Dt
1739 5179 1801 5247 qual

1010 5272 1134 5342 cogitetis
1150 5271 1219 5328 male
1230 5271 1257 5327 in
1273 5271 1398 5327 cordibus
1420 5273 1516 5326 reatris
1526 5269 1539 5325 l
1550 5270 1616 5338 Qutu
1631 5277 1673 5326 est
1693 5267 1799 5324 lecilins

1010 5363 1122 5418 uicere:
1141 5361 1312 5419 dimittuntur
1342 5361 1389 5419 not
1414 5373 1522 5434 peccota
1546 5373 1589 5419 tua
1604 5380 1610 5416 ε
1623 5376 1657 5416 ιιι
1689 5360 1798 5415 dicere:

1012 5467 1091 5524 surgo
1114 5463 1141 5509 ot
1155 5453 1281 5510 ambulet
1296 5454 1330 5510 Ut
1344 5465 1432 5509 eutem
1447 5453 1537 5509 sciatis
1553 5472 1559 5506 ε
1576 5455 1636 5523 quta
1658 5449 1728 5506 illius
1750 5451 1799 5504 tro·

1014 5543 1093 5600 urinis
1108 5541 1188 5602 babet
1208 5553 1365 5616 potestatem
1391 5547 1417 5601 in
1434 5555 1502 5602 turra
1516 5545 1610 5602 dimitt·
1622 5543 1665 5600 tnli
1681 5551 1798 5614 rrectuta.

1050 5695 1138 5764 econ.
1155 5695 1196 5753 lt.
1215 5697 1290 5754 Vnus.
1305 5695 1377 5752 butt.

1048 5767 1060 5805 ¹¹
1074 5765 1138 5840 Cup.
1153 5765 1234 5838 ¹i'lll.
1254 5769 1326 5826 iura.
1343 5769 1430 5834 *lb-tx,
1456 5767 1508 5822 bil.
