3908 6312
81 433 141 506 aas
531 445 702 504 arcenus.
718 445 764 504 aa
783 447 883 506 cuno.
904 401 1042 504 suranna.
1063 447 1324 504 carmaniam.
1660 449 1716 509 aso

82 559 259 623 aereolente,
282 557 309 614 in
334 565 462 628 perpetua
482 573 543 615 cum
561 560 686 616 omnibus
707 561 808 616 sancus
826 561 879 615 tuis
893 538 913 596 Α
929 558 1115 614 remissionem
1141 567 1300 614 cunctomm
1331 557 1420 612 tribue
1444 569 1627 630 peccatontnr.
1653 559 1713 618 l’er.

82 654 149 708 luce
165 652 299 705 latentur.
314 647 376 704 Per.
1017 662 1090 703 arsat
1108 661 1242 703 consonas
1259 661 1377 703 nunnus
1396 663 1432 703 er
1450 663 1625 706 scarapsus.

84 783 166 824 ms,
190 781 240 823 Μ
258 779 292 819 m
310 779 354 826 m„
379 777 542 824 ,mnus
570 777 661 818 „om
684 777 879 818 mmm„
965 737 1067 816 Oratio.
1076 735 1179 792 Pietate
1191 725 1414 807 talamataasumus,
1423 735 1544 802 Domine,
1559 748 1714 795 nostrornm

230 833 358 890 acciaens
376 847 485 896 rasura,
504 845 540 888 cr
558 847 609 886 uun
628 847 737 887 maura.
929 827 1002 882 soloe
1030 826 1136 882 iincula
1161 825 1280 882 omnium
1296 825 1464 888 delictorum.
1478 837 1506 883 et
1531 828 1716 887 intercedente

122 927 233 983 (trotio.
261 923 439 994 Omnipotens
463 924 628 993 sempiterne
651 923 732 985 Deus,
759 921 786 976 in
804 923 879 994 crajtts
928 921 1007 976 beata
1026 928 1054 974 et
1075 919 1310 992 gloriosasemper
1322 919 1432 990 Virgine
1446 921 1492 977 liei
1510 922 1641 993 genitrice
1657 923 1714 980 lla·

82 1016 208 1072 britanna
225 1013 345 1068 conditio
363 1019 498 1082 potestate
519 1009 659 1075 consistit,
675 1010 779 1092 animas
792 1010 878 1066 lamu-
930 1009 979 1073 ria,
1005 1021 1065 1063 cum
1090 1007 1214 1064 omnibus
1234 1009 1335 1064 sanclis
1357 1010 1420 1074 tuis,
1441 1009 1568 1066 domnum
1589 1011 1715 1082 apostoli·

82 1104 175 1158 lorum
193 1101 409 1169 famularumque
424 1108 531 1153 tuarum
553 1098 587 1154 ab
608 1098 750 1165 omnibus,
774 1113 879 1168 quasu-
929 1111 1001 1163 ctum,
1012 1095 1163 1167 pontilices,
1176 1097 1280 1166 priores
1290 1106 1318 1152 et
1327 1097 1439 1154 abbates
1449 1107 1567 1167 nostros,
1579 1109 1604 1156 et
1620 1116 1715 1158 ornnes

83 1209 166 1258 mus,
189 1190 299 1247 absolue
322 1187 462 1258 peccatis,
492 1195 520 1241 et
548 1187 714 1267 paenitentia
739 1187 877 1257 lructunl,
929 1187 1149 1257 congregationes
1172 1186 1224 1242 illis
1250 1187 1420 1253 cttrnmissas,
1446 1197 1563 1259 regeset
1578 1189 1715 1262 principes

82 1297 168 1352 quem
197 1280 319 1336 voluntas
335 1293 428 1334 eorum
449 1277 572 1347 optarit,
599 1277 729 1348 praesenti
756 1279 877 1335 mortali·
927 1276 1342 1347 nostros.etomnem'populbm
1358 1275 1655 1342 Christianumetnos
1671 1279 1714 1335 la-

84 1381 141 1428 ιιιι
161 1385 215 1426 non
244 1363 372 1440 perdant.¹
389 1367 449 1424 Per.
477 1365 597 1422 Secreto.
620 1367 788 1424 statisfaciat
816 1353 876 1436 tibi,
929 1367 1014 1422 mulos
1040 1376 1100 1422 tuos
1120 1375 1202 1436 atquae
1225 1367 1282 1421 loca
1303 1372 1395 1421 nostra
1422 1366 1449 1419 in
1474 1365 1547 1422 omni
1572 1369 1715 1424 sanctitate

83 1461 214 1526 bomine,
239 1473 290 1530 pro
315 1451 456 1513 animabus
478 1456 640 1513 lamarlorum
664 1457 878 1530 famularumque
928 1458 1202 1528 custodiendumque
1225 1456 1470 1527 consanguinitate,
1484 1456 1613 1514 alllultate
1632 1468 1714 1529 atquc

83 1561 196 1607 tuarum
209 1549 335 1605 sacrillcii
349 1541 493 1619 prasentia
518 1547 639 1614 oblatio,
661 1555 690 1602 ut
705 1557 876 1618 peccatorum
928 1550 1111 1606 familiaritate
1125 1548 1371 1619 nobiscoujuuctos
1383 1547 1482 1603 avitiis
1497 1562 1589 1618 purga,
1609 1549 1716 1605 virtuti·

82 1641 212 1707 scaniam,
236 1655 316 1710 quam
336 1631 536 1710 quasiverunt,
560 1639 716 1704 inueniant,
748 1647 776 1694 ιι
804 1641 877 1711 quod
927 1639 978 1696 bus
993 1639 1105 1706 illustra,
1130 1645 1261 1709 paceanet
1283 1637 1396 1692 salutem
1420 1635 1498 1693 anobis
1511 1636 1610 1704 tribue,
1625 1637 1716 1693 ltostes

82 1731 175 1788 allicio
205 1732 302 1799 linguae
327 1729 439 1800 implere
462 1743 514 1784 non
540 1736 696 1800 potueruut,
720 1729 878 1787 desideratae
928 1731 1046 1787 visibiles
1068 1739 1096 1786 et
1119 1729 1267 1785 invisibiles
1294 1739 1411 1793 mmorc,
1442 1725 1561 1782 carnalia
1584 1726 1716 1784 desideria

82 1822 256 1893 prurulentias
271 1819 489 1892 compensatione
501 1819 660 1888 percipiant.
674 1818 737 1875 Per.
749 1820 791 1876 dd
807 1836 878 1875 conr·
893 1864 914 1922 B
928 1822 1037 1892 repelle.
1054 1835 1144 1877 aerem
1160 1819 1293 1876 salubrem
1308 1817 1427 1887 indulge,
1452 1833 1466 1872 a
1491 1817 1560 1872 mala
1575 1826 1602 1872 et
1616 1818 1716 1890 lnapro-

82 1913 248 1968 munionem.
264 1911 352 1974 Deus,
377 1923 392 1964 a
407 1925 460 1980 qun
473 1920 597 1978 speratur
614 1909 724 1965 humani
742 1913 875 1971 commodi
928 1911 984 1967 risa
1011 1919 1098 1966 naorte
1124 1923 1173 1965 nos
1197 1909 1281 1979 cripe,
1310 1907 1426 1962 inimicia
1440 1907 1541 1962 rtoslris
1554 1906 1715 1963 charitatem

82 2013 168 2056 omne
182 2001 254 2071 quod
271 2001 370 2055 bonurn
385 2007 441 2063 cst,
459 1999 558 2065 tribue,
572 2013 622 2068 per
635 1999 692 2054 iaaac
708 2009 803 2056 saneta
818 2009 876 2071 aare
927 2000 1034 2072 largire,
1061 2009 1089 2056 ct
1102 2000 1227 2056 omnibns
1252 1996 1374 2052 lialelibus
1391 1997 1459 2053 rivis
1479 2007 1508 2053 et
1532 1997 1665 2054 defunctis
1688 2000 1716 2054 iu

82 2090 261 2162 sumpsimus,
277 2095 317 2152 ut,
332 2089 403 2145 sicut
417 2089 561 2144 animabus
584 2089 744 2144 larnrtlorum
764 2087 878 2145 lamala-¹
928 2101 1000 2147 terra
1030 2091 1175 2146 uiuentium
1211 2089 1294 2144 sitam
1331 2097 1460 2144 aeternam
1495 2090 1622 2146 concede.
1651 2089 1713 2146 Per.

84 2192 203 2246 numana
218 2185 325 2232 tuarum
345 2176 511 2248 ιιωιιιιιιιιὶω
528 2174 646 2232 iruetum
666 2177 735 2234 velle
757 2179 874 2246 donasti,
927 2181 1043 2237 Secreta.
1066 2180 1147 2244 Deus,
1160 2179 1205 2252 otti
1222 2177 1368 2249 singularia
1382 2178 1503 2247 corporis
1524 2177 1612 2234 bostla
1632 2179 1716 2234 totius

83 2267 125 2322 sic
144 2265 338 2338 indulgentiam
355 2267 458 2322 tribuas
471 2265 617 2320 miseratus
632 2275 762 2336 optatam.
777 2267 841 2323 Pan·
926 2270 1017 2326 mundi
1033 2269 1135 2326 solvisti
1150 2269 1258 2336 delicta,
1272 2269 1323 2324 bac
1334 2267 1471 2324 oblatione
1484 2267 1606 2339 placatus
1621 2283 1714 2324 macu-

356 2375 431 2415 arssa
450 2349 607 2414 ocnsnauts.
631 2357 634 2364 '
926 2359 1106 2417 lasscelerum
1121 2370 1276 2417 nostrorum
1293 2360 1429 2428 absterge,
1453 2367 1481 2414 et
1501 2359 1621 2413 omnium
1636 2355 1715 2414 Clari·

121 2449 225 2507 Oratio,
238 2449 399 2506 Sanctorum
413 2459 519 2506 tuomm
535 2449 789 2528 intercessionibus,
802 2466 876 2522 quta·
926 2449 1075 2506 stiaararum
1098 2449 1215 2506 lldellum
1231 2449 1352 2504 rivomm
1373 2456 1400 2504 et
1420 2456 1587 2504 mortuorum
1597 2455 1714 2530 peccata

83 2557 194 2602 sumus.
207 2541 329 2606 llontiue,
345 2539 433 2612 gratia
454 2549 499 2595 tua
515 2555 565 2597 nus
582 2551 707 2614 protege,
723 2550 755 2595 cr
770 2523 875 2597 lamulis
926 2541 1043 2607 dimitto,
1067 2541 1159 2612 eisque
1180 2539 1290 2611 praemia
1314 2548 1414 2595 aeterna
1436 2539 1565 2605 concede,
1585 2537 1715 2612 ,Salvator

83 2636 112 2682 et
126 2627 281 2683 famulabus
294 2627 366 2694 tuis',
390 2643 504 2699 naturum
518 2630 802 2686 commemorationem
819 2630 876 2701 agi·
926 2631 1028 2687 muudi.
1047 2629 1321 2698 accommodarem.
1337 2627 1462 2702 Sumpta,
1478 2642 1643 2699 qttoesumns,
1660 2627 1715 2681 llo·

85 2733 158 2782 mus,
176 2725 204 2772 et
219 2729 334 2788 quonum
348 2707 534 2788 eleemosynas
553 2718 714 2788 recepimus,
731 2732 778 2774 seu
792 2718 874 2774 etiam
926 2722 1009 2784 mine,
1025 2721 1143 2777 coelestia
1155 2728 1324 2776 sacramenta
1339 2717 1429 2772 omnia
1442 2716 1555 2772 crirniaa
1567 2713 1716 2771 nostrada-

83 2809 119 2864 iis
129 2809 179 2878 qui
193 2809 272 2863 uobis
288 2807 471 2863 lumiliuritate
484 2809 525 2863 rel
540 2809 776 2880 cortsunguinitate
786 2809 875 2879 juncti
926 2818 1044 2882 tergunt,
1060 2823 1221 2879 omnemque
1235 2809 1396 2883 pravitatem
1407 2815 1435 2862 ct
1456 2805 1652 2864 infirmitatem.
1667 2817 1715 2860 seu

83 2907 163 2962 sunt,
183 2897 397 2953 misericordiam
414 2907 486 2952 tuam
502 2898 602 2968 ubique
624 2899 775 2968 praetcade,
798 2905 827 2953 ιιι
841 2897 876 2954 alt
924 2903 1007 2958 etiarn
1033 2901 1166 2957 boeticam
1181 2900 1296 2964 rabiem,
1308 2906 1389 2970 atque
1402 2898 1569 2954 subitaneam
1589 2903 1715 2962 mortem,

83 2987 336 3060 impugnationibus
351 2986 455 3044 dolensi
478 2996 523 3044 toa
539 2988 715 3060 opitulatione
727 2989 874 3054 salsentur,
925 2992 1029 3049 meritis
1043 2993 1131 3049 beata
1151 2991 1244 3048 llaries
1262 3005 1369 3062 semper
1391 2987 1521 3058 Virginis,
1541 2996 1568 3042 et
1593 2985 1715 3042 omnium

82 3091 111 3134 et
131 3081 241 3134 animas
258 3059 419 3134 lamulomm
444 3076 661 3150 famularumque
675 3087 800 3145 tuarum,
817 3093 876 3136 om·
926 3093 1082 3140 sanctorum
1097 3091 1213 3147 tuorum,
1227 3095 1242 3136 a
1256 3081 1335 3136 nubis
1348 3079 1441 3149 procul
1458 3077 1600 3149 repellant,
1615 3087 1643 3133 et
1656 3091 1715 3133 otn-

83 3169 161 3226 nium
173 3167 301 3224 videlicet
313 3167 431 3224 bdelium
441 3169 640 3227 catholicorum
651 3169 875 3254 orthodoxorum,
889 3187 912 3252 ρ
927 3175 1006 3232 rubrus
1017 3173 1218 3230 lidelibusuiris
1238 3179 1266 3228 et
1286 3169 1420 3227 deiunctis
1431 3166 1536 3240 prosint
1549 3168 1582 3223 ad
1597 3167 1712 3232 reniam,

81 3275 201 3330 quorum
211 3261 496 3318 commemorationem
510 3261 628 3333 agimus,
644 3249 799 3332 etguorsm
812 3277 875 3318 cor·
926 3281 977 3336 pro
994 3279 1120 3338 quorum,
1146 3273 1315 3335 quarumque
1341 3260 1389 3317 tibi
1415 3268 1479 3317 aunt
1501 3259 1590 3316 oblata
1615 3258 1712 3316 salute.

82 3367 150 3422 pora
173 3351 206 3409 in.
218 3351 271 3408 hoc
289 3359 317 3406 el
337 3352 364 3406 ln
384 3353 491 3408 cunctis
510 3353 674 3409 remearis
694 3351 814 3410 bdelium
828 3369 874 3413 re·
926 3355 987 3413 Per.

83 3443 248 3511 qrricscunt,
260 3450 288 3497 ιι
302 3455 417 3511 ortorum
438 3443 545 3497 aomina
559 3452 774 3513 supersanctum
790 3443 876 3501 altare
1120 3463 1197 3504 sassa
1214 3461 1264 3504 rsa
1279 3461 1519 3504 saucracronraus.

83 3541 161 3585 taum
181 3531 282 3603 scripta
310 3531 404 3590 adesse
428 3531 572 3599 ridentur,
593 3532 742 3590 electorum
767 3543 874 3589 tuorum
962 3539 1063 3594 Oratio.
1089 3538 1169 3602 licus,
1197 3538 1244 3610 qui
1274 3539 1416 3595 charitatis
1440 3538 1509 3593 dona
1536 3535 1714 3606 pergratiam

81 3618 198 3691 iungere
219 3619 339 3692 digneris
369 3624 518 3680 consortio.
549 3623 614 3678 Per.
639 3621 756 3678 Secreto.
780 3623 875 3694 Propi·
926 3629 1013 3685 sancti
1029 3628 1146 3698 Spiritus
1164 3639 1271 3683 tuorum
1292 3613 1561 3704 cordibuslidelium
1579 3623 1712 3692 iulatdisti,

85 3709 166 3776 lim·
196 3707 320 3778 limine,
347 3711 590 3782 supplicationibus
621 3711 742 3776 nolitis,
767 3719 795 3766 el
827 3712 875 3768 luas
924 3707 960 3774 du
980 3717 1085 3773 lamulis
1096 3728 1123 3772 ιι
1137 3715 1286 3774 famulabus
1300 3717 1364 3783 tuis,
1380 3717 1414 3772 de
1427 3717 1715 3790 qutibusdcprccamur

84 3797 248 3866 oblationes,
264 3813 332 3866 nasas
347 3813 397 3869 pro
412 3800 598 3857 incolumitate
611 3799 772 3857 lamulorum
788 3802 876 3859 lantu-
927 3817 999 3864 tuam
1012 3807 1193 3875 clementiam,
1209 3807 1321 3864 saltuem
1343 3807 1441 3863 nterttis
1455 3815 1481 3862 el
1496 3810 1628 3880 corporis,
1644 3817 1670 3862 ul
1688 3818 1716 3863 te

83 3886 227 3956 lacumque
245 3897 370 3956 tuarum,
389 3898 417 3944 et
432 3905 481 3960 pro
503 3891 646 3948 animabus
668 3893 789 3949 omnium
810 3894 876 3951 lide-
925 3909 984 3954 tnta
1000 3899 1099 3956 uirtute
1113 3899 1236 3976 diligant,
1253 3910 1281 3956 et
1304 3914 1364 3972 quae
1386 3899 1434 3955 tibi
1450 3907 1514 3955 sunt
1534 3899 1644 3970 placita,
1658 3907 1714 3954 totu

82 3977 150 4032 llum
168 3976 585 4046 deiunctorumorthodoxorum,
597 3990 625 4037 et
638 3987 752 4052 quorum
766 3986 874 4041 nomina
926 3989 1069 4045 dilectione
1083 3989 1233 4059 perliciaut.
1250 3988 1311 4046 Per.
1326 3987 1441 4045 Secreto.
1455 3989 1593 4056 lliserere,
1609 4005 1716 4061 quasu-

83 4085 167 4143 super
181 4081 304 4144 sanctum
319 4069 404 4130 altare
421 4083 496 4131 tuum
510 4077 610 4144 scripta
628 4078 723 4134 adesse
738 4078 874 4143 videntur,
925 4093 996 4143 naus,
1014 4067 1136 4144 baurim,
1151 4077 1257 4136 lamulis
1267 4089 1295 4135 et
1309 4078 1461 4136 lamulabus
1480 4081 1542 4144 tuis,
1556 4095 1606 4152 pro
1617 4081 1715 4151 quibua

82 4161 186 4216 nomini
202 4170 250 4217 tuo
266 4165 483 4230 consecrandas,
502 4163 666 4230 deferimus,
682 4165 816 4239 benignus
832 4183 875 4224 as·
925 4170 977 4226 lunc
1001 4172 1162 4227 sueridcium
1187 4170 1273 4226 laudis
1293 4179 1344 4225 tune
1367 4169 1505 4225 oderimus
1525 4171 1669 4240 majestati,
1685 4177 1715 4225 ut

83 4263 174 4316 sume,
188 4259 217 4302 ut
234 4249 360 4306 sacrillcii
374 4253 517 4322 praesentis
533 4253 634 4308 oblatio
650 4254 684 4309 ad
703 4253 874 4327 relrigerium
925 4273 973 4329 per
1003 4261 1061 4316 baee
1093 4269 1187 4317 sancta
1221 4275 1344 4331 superstas
1367 4260 1564 4316 benedictionis
1597 4261 1712 4332 gratiam

83 4340 240 4395 animarum
266 4357 360 4396 eorum
379 4351 405 4398 te
420 4345 568 4400 ntiserante
582 4346 733 4415 proveniat.
752 4345 814 4402 Per.
833 4348 875 4403 ld
925 4347 1074 4418 obtineant,
1088 4357 1116 4405 et
1128 4351 1239 4419 gloriam
1254 4359 1362 4406 aiterum
1375 4351 1710 4420 beatttradtntaacqairana

82 4429 305 4489 communionem.
324 4431 453 4487 Purisscet
468 4448 532 4502 nos,
553 4449 725 4505 quesumus,
750 4438 872 4505 Dorcine,
925 4436 986 4496 Per.
1011 4440 1290 4496 adoramentorum.
1317 4440 1412 4496 bisina
1428 4439 1544 4496 libantes
1571 4441 1718 4512 mysteria„
1784 4505 1790 4518 ι

82 4517 168 4572 divini
187 4519 348 4575 sacramenti
366 4523 519 4592 perceptio,
540 4532 567 4578 et
588 4523 705 4594 gloriosa
717 4535 873 4582 sanctorum
890 4517 1089 4598 Iitpuaesumus,
1116 4529 1239 4598 borrrinc,
1258 4538 1286 4585 ιιι
1312 4529 1369 4585 luae
1388 4528 1515 4586 salutaria
1542 4538 1712 4588 sacramenta

82 4615 194 4664 tuor-unt
210 4611 310 4678 oratio,
322 4621 350 4666 et
362 4613 504 4670 animabus
514 4614 678 4672 famulorum
696 4618 874 4674 lamularum-
926 4619 978 4673 illis
992 4619 1133 4688 proliciunt
1151 4621 1185 4675 ad
1200 4621 1404 4690 prosperitatem
1418 4628 1446 4675 ιι
1460 4633 1565 4690 pacem,
1580 4635 1629 4690 pro
1643 4637 1711 4692 quo·

80 4711 137 4766 que
160 4707 281 4765 utranam,
313 4716 426 4772 natorum
451 4707 739 4763 commemorationem
756 4709 871 4780 aginnts,
926 4725 987 4765 runa
1005 4711 1147 4768 dilectione
1167 4727 1197 4767 ea
1210 4711 1418 4768 turcoluulimus
1431 4711 1577 4782 maiestati.
1595 4711 1657 4769 Per.

81 4807 1713 4866 Ἣ,

70 5049 77 5093 ,
550 5005 552 5010 ψ
787 4961 1056 5116 sueretu

131 5151 295 5211 brstctbtt
311 5155 487 5212 sustinuit
503 5155 697 5214 suebdbtttc
710 5155 864 5214 uubtbutt
879 5155 985 5214 ababa
1000 5157 1151 5216 SANCTAE
1167 5159 1296 5219 cubcts
1313 5162 1438 5222 robrts
1451 5163 1658 5227 stubam
1741 5221 1746 5232 ,
1838 5241 1845 5256 ·

116 5346 255 5404 liomiuica
280 5351 367 5421 prima
390 5353 538 5409 Adventus.
560 5353 733 5425 adproperat
751 5353 867 5412 Sublato
921 5354 1021 5412 Diffusa
1037 5363 1078 5412 est
1092 5355 1188 5426 gratia.
1207 5358 1235 5418 ri.
1248 5357 1404 5431 Propterea.
1422 5361 1523 5418 Oratio.
1535 5361 1605 5418 Deus
1616 5364 1663 5434 qul
1677 5367 1711 5422 dc

82 5437 176 5494 rectio':
189 5439 451 5507 Eccediesseniunt,
463 5453 527 5507 cte,
539 5460 622 5516 uagae
636 5445 662 5501 in
679 5455 760 5502 terra.
774 5448 800 5516 ri.
811 5446 869 5504 llis·
921 5445 1019 5511 maa,
1032 5453 1085 5500 ιιι.
1100 5445 1298 5503 invitatoriam.
1319 5449 1389 5506 licea
1411 5449 1500 5505 vestiat
1515 5465 1573 5517 rer,
1583 5467 1711 5509 occurra-

82 5541 127 5584 sus
139 5539 181 5585 est
191 5530 309 5587 Gabriel.
324 5534 350 5602 i.
367 5533 447 5589 babit
461 5535 497 5590 ci.
511 5533 640 5604 ligmnar,
654 5543 719 5602 ete,
736 5552 817 5608 argue
834 5539 870 5592 nd
921 5550 982 5591 mus
998 5536 1104 5592 obuiam
1117 5536 1367 5596 saltatorinostro.
1381 5539 1514 5597 Lectiones
1528 5561 1615 5600 omnes
1629 5547 1710 5618 ltajaa

81 5623 328 5691 totamorotionom,
341 5635 369 5679 ιιι
384 5625 509 5680 ineditis.
529 5623 579 5679 llic
592 5625 730 5681 dimittitur
743 5641 823 5699 aspar
835 5632 869 5684 nd
922 5627 1043 5682 breviarii
1066 5629 1140 5684 mirre
1163 5641 1225 5686 aunt
1244 5631 1384 5688 breuitatis.
1414 5629 1535 5699 Quatuor
1560 5638 1638 5706 primi
1661 5654 1710 5695 no·

81 5717 199 5760 octacom
217 5708 372 5780 Eplplraaioe
394 5713 536 5782 antiplona
562 5712 711 5780 decrero,
734 5727 758 5770 ιι
772 5716 869 5772 dicitnr
921 5717 1007 5772 clarui
1034 5718 1115 5788 baina
1134 5719 1276 5776 Dominicoe
1300 5723 1519 5788 comprehendant
1543 5729 1655 5798 pansam
1684 5736 1710 5785 ιι

81 5795 136 5850 lacco
150 5799 293 5866 antiplona
305 5800 387 5856 lento
406 5800 500 5858 llario
513 5818 523 5858 .·
537 5801 634 5860 llissus
647 5813 688 5860 est
701 5805 808 5862 Gabriel
822 5823 870 5862 an·
921 5809 1061 5864 secundom
1085 5821 1188 5866 nostras
1213 5828 1294 5883 orgae
1314 5814 1349 5868 ad
1363 5830 1525 5886 responsam.
1539 5817 1616 5885 Quod
1630 5835 1709 5890 arga·

81 5881 155 5952 gelus
169 5885 203 5940 ad
227 5884 339 5946 lluriam
360 5891 491 5964 virgineus
507 5895 695 5965 desponsatam
716 5894 825 5964 iosepls.
840 5898 866 5956 i.
921 5907 1007 5958 mento
1018 5909 1055 5957 eat
1066 5900 1135 5958 doato
1152 5901 1268 5959 codicem
1284 5903 1409 5976 scripturn
1421 5917 1534 5978 tempore
1554 5925 1605 5980 pao
1617 5923 1715 5969 mosas
