3908 6312
253 281 304 338 ott
476 277 480 286 '
834 273 920 331 SAEC.
937 271 971 326 ttt
986 267 1118 326 thh'Ull.
1139 263 1277 322 ertone.

255 398 290 451 ad
314 410 391 452 suam
415 405 537 452 sanctam
559 399 653 451 urbem
686 393 843 447 llarennam
875 387 1076 458 remeditans
1141 376 1332 448 ercmneqoit
1349 372 1700 436 totuscolriberomnndus,

252 499 334 554 quem
349 485 473 540 ridentes
495 483 641 539 Christiani
664 496 725 537 oum
739 479 837 551 gaudio
852 481 1040 545 susceperunt.

253 573 296 626 Ad
306 575 418 643 pnmnnr
432 573 584 639 antiphona.
594 571 713 642 Angelus
724 569 829 624 Domini
843 567 951 621 beatum
963 563 1044 632 Apol-

254 664 369 718 linarem
384 663 411 716 in
434 676 543 718 carcere
557 662 689 726 visitarit,
708 659 863 714 ridentibus
885 655 1043 711 custodibus

254 752 363 818 cibavit,
382 761 410 808 et
427 752 599 808 confortarit.
613 751 654 804 Ad
674 751 779 806 tertiam
801 748 955 816 antiphona.
978 745 1045 800 Sus·

254 857 353 912 pensus
379 844 406 898 in
434 844 548 911 equuleo
583 842 718 897 clanrahat
746 841 841 895 beatus
861 835 1042 907 Apollinaris:

254 931 398 986 hominum
422 931 512 986 lesam
539 931 675 987 Christum
694 931 777 984 Deum
802 941 895 982 rerum
908 938 1043 982 esseron·

254 1023 343 1079 dteor.
370 1024 411 1076 Ad
434 1036 534 1078 reatem
558 1023 710 1093 antiphona.
733 1021 830 1076 Custos
852 1027 880 1073 et
906 1023 1044 1086 protertur

255 1122 355 1177 noster,
378 1115 490 1168 Domine
507 1115 570 1169 lesu
587 1114 706 1177 Christe,
729 1125 809 1180 quem
824 1111 920 1164 beatus
940 1105 1044 1176 Apolli·

254 1203 329 1258 naris
349 1204 485 1271 praedixit,
509 1203 707 1266 benedicimus,
725 1202 853 1272 hymnum
866 1198 980 1254 dicimus
995 1195 1043 1250 tibi

254 1292 310 1346 lieo
324 1301 425 1346 nostro.
442 1291 544 1346 Oratio.
567 1291 719 1346 Salutarem
732 1291 809 1344 nohis
825 1289 900 1344 dedit
913 1287 1043 1344 hodierna

255 1383 297 1436 die
317 1383 388 1437 beati
410 1382 574 1452 Apollinaris
593 1382 743 1442 sacerdotis
762 1389 789 1434 et
815 1379 942 1450 trrartyris
958 1376 996 1431 tui
1017 1377 1043 1431 in

255 1481 310 1537 tna,
325 1472 449 1538 Domine,
462 1473 561 1527 virtute
573 1471 706 1527 corilessio
718 1470 848 1534 laetitiam,
860 1477 957 1539 praesta
972 1481 1044 1537 quoe·

255 1577 359 1626 aurens.
383 1572 412 1615 ot
425 1559 709 1628 conversationisque
725 1560 876 1614 inlusione
895 1555 1044 1628 praedican-

256 1655 340 1714 da,et
352 1652 545 1707 intercessione
574 1651 621 1705 tihi
641 1650 738 1719 placita
756 1646 857 1718 jugiter
885 1647 1042 1718 gloriemur.

254 1739 295 1794 Aa
318 1755 413 1794 nariam
433 1741 584 1809 antiphona.
607 1739 705 1793 Sancte
728 1737 902 1807 Apollinaris,
917 1737 1043 1792 sacerdos
1058 1735 1080 1794 li
1094 1743 1165 1800 sieut
1176 1746 1243 1800 odor
1256 1743 1379 1800 balsami.
1394 1741 1476 1810 Quasi
1489 1741 1587 1807 tilium,
1599 1739 1636 1794 ita
1646 1735 1785 1803 donadei
1798 1735 1852 1806 gert-
1913 1733 1914 1790 l

1234 467 1344 523 Claudia
1358 467 1384 520 in
1398 463 1470 520 alro.

1186 559 1270 628 ercm
1288 566 1406 614 tremant
1419 555 1493 623 coeli,
1514 563 1636 610 metuunt
1649 551 1755 624 abyssh

1148 651 1252 708 Laudat
1266 663 1391 712 occasus,
1405 655 1554 702 veneratur
1567 655 1643 702 ortus

1238 740 1357 811 Stringis
1369 739 1395 794 in
1412 738 1493 794 ulnis.

1181 832 1263 889 Lacte
1279 830 1395 886 nutritus
1406 828 1466 885 cibo
1482 827 1646 898 angelorum,

1146 923 1244 979 Fertur
1254 922 1372 991 innupta
1388 921 1492 998 gremio
1505 919 1608 988 puella,

1147 1012 1199 1081 Qui
1210 1027 1259 1068 sua
1274 1012 1330 1067 late
1344 1011 1446 1068 ditione
1461 1017 1543 1064 terreo

1238 1106 1361 1164 Pondera
1373 1103 1464 1159 librat.

1186 1196 1229 1252 Sit
1248 1199 1332 1253 decus
1342 1211 1476 1252 summum
1489 1194 1547 1250 sine
1560 1193 1612 1248 dne
1626 1191 1747 1258 Christo,

1147 1289 1229 1359 Virgo
1241 1304 1320 1358 quem
1336 1296 1430 1343 saneta
1444 1287 1537 1358 perluit
1550 1284 1649 1347 llaria.

1146 1379 1197 1448 Qui
1210 1379 1283 1434 Patri
1298 1394 1418 1448 compar,
1434 1377 1605 1447 flaminique
1616 1385 1712 1430 sancto

1147 1468 1250 1541 Regnat
1263 1469 1291 1526 in
1305 1485 1403 1526 acrum.
1418 1469 1515 1533 Amen,

1178 1579 1205 1618 rn
1223 1577 1405 1620 assurrrrorm
1430 1575 1538 1616 sircam
1563 1575 1651 1614 trama
1676 1570 1794 1612 macaris.

1128 1651 1324 1706 l'nuitatorium.
1350 1649 1423 1706 Odor
1449 1657 1521 1711 tuus.
1547 1657 1640 1702 saneta
1671 1645 1718 1700 Dei
1744 1642 1853 1706 Genitrir,
1913 1683 1914 1692 ,

254 1834 282 1882 et
296 1837 398 1897 martyr
420 1826 529 1892 Christi,
555 1828 701 1896 deprecare
714 1841 763 1895 pro
782 1827 862 1896 plebe
889 1835 945 1891 tua,
961 1839 1046 1896 quam
1097 1837 1150 1892 1qu
1167 1835 1259 1906 virgo.

254 1931 288 1971 ex
311 1917 435 1985 pentibus
450 1918 598 1987 acquisisti,
623 1932 672 1972 nos
696 1925 787 1971 autem
812 1917 926 1987 popolus
946 1926 1046 1974 tuuset

254 2021 318 2062 ores
330 2007 420 2078 gregis
429 2009 476 2074 toi,
493 2009 630 2063 intercede
640 2024 690 2078 pro
701 2009 778 2063 nohis
790 2007 858 2063 rtrro
871 2007 928 2063 Dei.
941 2007 1045 2065 (trotio.

255 2096 399 2153 Terribilis
409 2099 491 2164 ileos,
508 2108 535 2155 et
548 2101 647 2154 invicta
663 2099 791 2154 tortitudo
802 2115 834 2154 ac
851 2099 932 2153 nimis
945 2113 1046 2169 paren-

254 2191 288 2244 da
300 2197 430 2260 potestas,
449 2189 548 2260 larqire
561 2190 639 2246 nohis
652 2192 723 2246 beart
736 2190 902 2261 Apollinaris
915 2190 1045 2260 martyris

254 2289 282 2334 et
295 2281 444 2336 sacerdotis
458 2281 494 2334 tui
515 2282 641 2352 precihus
666 2282 799 2350 stipendia
817 2281 912 2336 salrrtis
926 2292 1044 2347 aeternae,

255 2379 285 2424 ut
298 2379 376 2424 easta
397 2379 506 2440 pectora
523 2371 674 2441 lrajulantcs
695 2371 787 2427 landes
815 2380 867 2426 tute
897 2371 1046 2426 clementiae

254 2459 416 2525 referamus,
431 2462 490 2532 ejus
501 2462 631 2518 solemnia
644 2461 822 2516 celebrantes.
835 2461 876 2516 Ad
889 2461 1044 2532 llaqnilioat

255 2551 408 2622 antiphona.
428 2554 527 2624 Accipe
543 2553 675 2624 Spiritum
688 2561 824 2620 sanctum,
847 2553 925 2608 sirnul
940 2551 1046 2624 pontili-

255 2651 356 2696 catum.
372 2644 471 2715 Surge,
497 2657 580 2716 perpe
595 2643 765 2712 llarennam,
790 2645 935 2701 multitudo
955 2643 1044 2716 populi

256 2733 293 2786 ibi
315 2745 446 2788 moratur.
475 2733 597 2790 Praedita
622 2735 662 2790 eis
691 2733 794 2802 lesum,
819 2734 891 2805 quod
924 2749 988 2790 rere
1011 2735 1046 2791 sit

256 2825 343 2881 l'ilius
365 2827 424 2882 Dei.

294 2932 321 2972 m
336 2931 433 2972 raram
447 2931 539 2973 sancrr
555 2931 671 2974 mareon
686 2929 802 2974 rrrscorr
820 2934 854 2972 ar
869 2931 1014 2974 arnrrms.

295 3007 336 3060 Ad
352 3007 507 3078 llaqnilloat
521 3009 674 3078 antiphona.
690 3006 713 3063 0
733 3006 860 3080 AEmyqdi
871 3018 974 3079 martyr
990 3007 1045 3078 qlo-

256 3099 339 3166 riose,
354 3100 459 3170 quasin
474 3100 582 3155 Christo
596 3099 712 3170 qenuisti
729 3098 799 3155 lilios
811 3108 871 3155 tuos
884 3100 1044 3170 sangninem

256 3188 403 3257 tundendo,
423 3201 479 3256 tua,
500 3205 664 3261 quesumus,
687 3191 775 3246 oratio
796 3189 969 3246 commendet
998 3204 1047 3244 nos

255 3281 440 3336 indesinenter
452 3283 516 3338 Deo.
538 3283 690 3349 Antiphone
701 3283 737 3337 ud
755 3281 930 3340 Bertedicttrs.
946 3281 1047 3338 Sancte

256 3370 303 3428 bei
326 3373 423 3444 praesul
446 3383 474 3430 et
503 3383 606 3446 martyr
629 3374 770 3447 AEmyqdi,
792 3375 849 3444 qni,
871 3374 1047 3430 occidentalis

256 3463 379 3521 Franciae
396 3465 528 3521 oriundus
549 3466 662 3522 Romam
676 3467 797 3535 veniens,
811 3465 970 3536 disponente
980 3465 1047 3530 boo,

257 3571 273 3612 a
302 3557 424 3614 Romano
443 3559 572 3629 pentihce
596 3560 750 3616 destinatus
775 3575 806 3616 es
832 3561 992 3630 predicator
1013 3561 1047 3615 ad

256 3647 419 3703 Eseulanam
436 3649 541 3715 urbem,
556 3663 607 3719 pro
629 3649 708 3706 nohis
720 3651 790 3721 apud
803 3647 886 3705 mum
899 3649 1046 3715 intercede,

257 3751 327 3808 quos
339 3737 430 3794 verbis
451 3749 480 3796 et
505 3738 644 3794 miraculis
657 3739 690 3794 ad
714 3739 881 3808 agnitionem
900 3738 1046 3795 Christiani

256 3829 375 3886 nominis
385 3828 473 3885 iecisti
488 3829 593 3884 venire.

290 3933 318 3971 nr
332 3931 434 3972 norma
447 3931 639 3974 assurrrronra
650 3933 758 3973 saneris
773 3932 864 3972 arnan
881 3931 1007 3973 rmorms.

293 4006 334 4058 Ad
345 4023 465 4077 resperas
478 4007 633 4077 antiphona.
648 4007 732 4062 llaria
751 4006 844 4080 Virgo,
857 4023 963 4080 semper
977 4009 1049 4064 lecta·

258 4109 300 4160 re,
316 4110 376 4166 quae
401 4095 525 4152 meruisti
550 4097 688 4152 Christum
709 4108 820 4168 portare
833 4099 894 4154 omli
922 4108 950 4155 et
970 4108 1048 4154 torrae

259 4185 438 4250 conditorem,
452 4185 516 4256 quia
534 4185 567 4242 de
581 4195 625 4240 tuo
641 4197 719 4244 mero
734 4187 870 4258 protulisti
883 4189 976 4245 mundi
989 4188 1048 4244 Sal-

257 4285 392 4332 satorem.
410 4275 512 4332 Psalmi
527 4277 559 4332 de
572 4275 664 4332 Faria.

588 4363 718 4436 lipmnus.

310 4456 443 4512 Gaudium
460 4458 552 4512 mundi
572 4473 638 4511 nora
650 4457 727 4512 stella
740 4457 813 4523 emh,

310 4544 459 4600 Procreans
470 4547 564 4613 solem,
576 4547 684 4615 pariens
693 4555 845 4615 parentem,

312 4633 630 4705 neminemneminer
654 4651 734 4706 opem
749 4637 870 4700 caducis,

419 4721 615 4795 iirqohlnria.

349 4801 562 4870 sedentariam
575 4817 661 4886 liquet
675 4833 735 4872 esse
744 4815 857 4871 scalam.

313 4903 452 4971 Quatenus
463 4920 566 4960 summa
577 4907 643 4976 petit
658 4908 728 4963 altus
754 4907 818 4972 ima,
878 4907 885 4922 '

313 4993 368 5050 Nos
381 4993 415 5049 ad
427 4993 533 5049 excelsa
547 4997 659 5052 remeari
673 4997 735 5052 eceli

440 5083 562 5140 Culmiua
581 5087 661 5141 dona.

348 5173 827 5246 'lebeatorumchorasanqelorum,

313 5265 351 5322 'le
366 5267 558 5340 prophetarum
575 5277 602 5322 et
624 5269 807 5338 apostolorum

314 5357 387 5417 Ordo
401 5357 538 5428 praelatam
554 5358 606 5414 sibi
620 5357 708 5414 cernit
719 5373 800 5413 unam

422 5447 485 5502 Post
495 5446 642 5502 Deitatem.

350 5537 416 5593 Aula
428 5539 548 5596 eoelesds
562 5539 683 5610 speciosa
697 5537 779 5609 regis,

317 5629 393 5686 Fnlta
404 5631 522 5688 roolenis
540 5631 647 5690 Somne
659 5629 805 5694 columnis.

1421 1920 1553 1992 llpmnus.

1226 2014 1346 2070 Terrena
1362 2023 1459 2067 cuncta
1469 2011 1597 2082 jubilent.

1188 2107 1268 2162 Astra
1279 2105 1404 2160 laudibus
1417 2103 1552 2168 intonent,
1657 2093 1660 2100 “

1165 2195 1285 2266 Virginis
1300 2202 1364 2250 ante
1378 2191 1526 2248 thalamum

1167 2288 1282 2343 Carmen
1298 2286 1433 2340 alternent
1445 2284 1609 2338 dramatum.

1205 2377 1268 2432 lime
1287 2373 1381 2447 Virgo,
1396 2372 1486 2430 Verbo
1497 2372 1621 2443 gravida.

1166 2467 1208 2522 rit
1224 2464 1344 2536 paradisi
1353 2461 1449 2531 ianua.

1166 2555 1231 2622 Quae
1244 2551 1328 2608 Deum
1340 2551 1440 2604 mundo
1456 2547 1583 2616 reddidit,

1166 2643 1269 2700 Caelum
1285 2641 1362 2698 nobis
1375 2641 1492 2711 aperuit.

1201 2734 1275 2791 Felix
1291 2736 1342 2789 ista
1358 2745 1488 2802 puerpera

1165 2825 1230 2881 Erae
1244 2823 1303 2894 lege
1315 2823 1455 2879 liberrima

1166 2917 1297 2987 Concepit
1310 2917 1371 2972 sine
1382 2917 1465 2981 coitu,

1167 3007 1263 3063 Errriait
1273 3008 1375 3079 absque
1388 3007 1500 3078 gemitu.

1202 3100 1282 3156 Dives
1294 3097 1385 3154 llariae
1400 3098 1543 3167 premium,
1634 3155 1643 3172 .

1168 3187 1260 3245 Mundi
1275 3189 1392 3261 gestarit
1407 3189 1535 3259 pretium,

1173 3281 1231 3349 Quo
1242 3279 1390 3353 gloriemur
1402 3281 1499 3336 redimi

1168 3373 1264 3430 Soluto
1275 3372 1340 3443 juqo
1350 3373 1444 3430 debiti.

1204 3465 1291 3535 Quam
1307 3465 1397 3521 Patris
1410 3466 1504 3537 implet
1516 3465 1612 3534 Filius,

1169 3559 1286 3616 Sanetus
1295 3558 1439 3614 obumbrat
1454 3559 1582 3629 Spiritus,

1170 3647 1273 3704 Coelum
1287 3647 1355 3703 hunt
1369 3649 1522 3704 castissima

1171 3738 1260 3794 Sacrae
1270 3739 1365 3810 puellm
1378 3740 1495 3794 viscera.

1203 3826 1276 3883 Laus
1291 3828 1351 3894 tibi,
1367 3828 1425 3884 llex
1436 3827 1567 3884 altissimo

1168 3916 1219 3986 Qui
1234 3927 1314 3975 natus
1330 3933 1361 3975 es
1375 3919 1409 3974 de
1425 3919 1537 3988 limine

1145 4069 1149 4074 ,
1170 4010 1212 4066 Sit
1231 4010 1290 4068 laus
1308 4010 1478 4068 etinedabili

1169 4101 1255 4170 Patri,
1267 4111 1415 4170 sanctoque
1430 4101 1557 4157 Flamini.

1353 4190 1475 4263 llpmnaa
1496 4190 1532 4244 nd
1542 4191 1641 4245 lauder.

1168 4281 1272 4338 Aurora
1290 4281 1361 4337 relat
1379 4281 1479 4353 fulgida

1169 4374 1211 4430 hd
1224 4373 1285 4428 omli
1300 4382 1370 4428 meat
1379 4373 1509 4428 culmina.

1171 4466 1206 4519 Et
1222 4465 1262 4520 sol
1273 4463 1357 4520 llario
1371 4463 1520 4534 splendida.

1170 4555 1310 4625 Tanquam
1323 4553 1386 4609 lona
1398 4552 1590 4624 pulcherrima.

1205 4641 1311 4715 lleqina
1329 4642 1422 4699 mundi
1435 4643 1518 4699 hodie

1170 4733 1309 4791 Thronum
1323 4733 1481 4791 consoendit
1496 4733 1598 4804 glorta.

1169 4824 1247 4880 lllum
1258 4824 1338 4880 enixa
1349 4823 1460 4891 Filium,

1170 4913 1221 4980 Qui
1239 4922 1362 4970 estante
1377 4912 1531 4970 lucilerum.

1206 5005 1351 5076 Assumpta
1367 5020 1449 5074 super
1464 5006 1584 5078 angelos,

1171 5091 1481 5164 Excedisarchanqelos,

1172 5182 1274 5237 Cuncta
1289 5192 1445 5239 sanctorum
1467 5181 1562 5239 merita

1171 5269 1351 5327 'transcendit
1362 5289 1415 5328 una
1427 5272 1538 5330 lomina.

1205 5357 1289 5426 Quem
1305 5360 1414 5436 inrorat
1427 5363 1454 5418 in
1470 5366 1571 5435 granio

1170 5445 1284 5503 Loearat
1299 5448 1326 5504 in
1345 5451 1488 5522 presepio,

1176 5535 1252 5595 lianc
1264 5539 1364 5612 liessem
1379 5556 1460 5611 super
1475 5541 1563 5598 omnia

1161 5625 1264 5684 ¹Patris
1278 5630 1349 5685 ridet
1363 5631 1389 5686 in
1404 5630 1498 5700 gloria.
