3908 6312
839 212 926 271 SAEC.
947 212 981 268 lll
1001 211 1138 270 doddo.
1157 211 1295 272 Ll'fllflG.
1824 217 1867 274 fil
1922 212 1923 304 l

358 331 444 400 Quem
459 339 644 401 resurgentem
657 327 753 384 meruit
837 385 840 394 ,
1054 327 1269 398 gquapiarum
1283 325 1362 383 unuis
1377 327 1558 400 lacrymarum
1572 325 1674 384 tersisti
1691 335 1795 385 tuorum
1816 346 1867 386 taa-
1922 327 1923 352 ¹

357 421 438 476 beata
451 422 537 490 primo
552 417 652 474 uidere.
1091 414 1166 470 cuias
1180 414 1335 471 criminum.
1348 415 1461 472 assidue
1477 424 1503 471 te
1515 429 1630 472 exorare
1644 416 1813 486 deposcimus
1825 435 1866 488 pro

393 507 479 574 Quam
497 505 590 578 procul
605 513 665 576 post
681 505 749 568 lraec,
765 502 898 560 tribuente
1093 503 1193 562 nostris
1220 505 1386 560 excessibus.
1415 503 1442 574 i.
1471 505 1590 564 Summis
1616 506 1747 561 emiorum
1775 508 1867 566 civitot

358 596 478 661 Christo,
493 597 629 651 credimus
643 594 704 650 coeli
718 601 875 664 penetrasse
1092 590 1261 660 glomerata,
1280 593 1391 664 jamque
1414 603 1513 648 aeternu
1541 594 1745 651 immortalitate
1773 597 1865 653 induta

358 685 471 740 Coloten
485 683 564 753 hujus
580 687 702 739 obtentu.
1091 678 1216 736 assidue.
1250 681 1277 749 ri.
1304 681 1385 738 verrit
1412 683 1495 738 llaria
1530 681 1686 756 llagdalcne
1716 689 1866 744 annuntians

358 773 484 829 Miserere
499 773 587 838 nobis,
601 773 730 828 Conditor
744 770 826 826 orbis.
1092 768 1249 840 discipulis:
1265 769 1333 838 Quia
1350 771 1406 828 uidi
1425 773 1579 828 Dominum.
1593 773 1678 844 Cujus
1691 777 1807 842 petimus
1820 791 1878 846 pren

393 863 511 918 Gloriam
527 863 599 917 Patri
613 863 713 932 pariter
726 877 855 916 curramus
1092 859 1168 912 cibus
1184 858 1305 928 adiuuari
1323 863 1392 932 apud
1418 871 1452 928 te,
1473 861 1638 932 Redemptor
1659 865 1864 920 clementissime.

358 954 476 1010 Gloriam
491 954 578 1018 Proli,
594 953 761 1023 flaminique
1092 948 1118 1015 i.
1149 949 1217 1017 Qttia
1242 963 1306 1020 crgo
1331 952 1358 1005 in
1379 953 1504 1022 paradiso
1526 953 1623 1008 mulier
1648 955 1800 1026 propinarit
1819 958 1865 1012 uiro

358 1045 406 1100 f‘io
420 1061 526 1113 semper
540 1045 614 1098 ontui
1092 1047 1217 1104 moriem,
1233 1055 1248 1094 a
1269 1041 1391 1110 sepulcro
1406 1042 1504 1098 mulier
1527 1043 1594 1100 viris
1622 1047 1765 1102 annuntiat
1782 1047 1863 1102 rien.

360 1133 526 1190 flesouetnus
539 1146 633 1186 ontrtes
646 1139 766 1200 tempore
777 1129 854 1186 secli.
1091 1125 1184 1197 Cttjus.
1207 1131 1237 1198 ti.
1263 1129 1320 1186 llex
1349 1133 1481 1188 immense
1504 1133 1586 1198 Deos,
1600 1143 1733 1190 terrarum
1753 1139 1864 1194 conditor

289 1226 450 1296 Antiphone.
480 1225 546 1280 Com
571 1211 750 1279 discubuisset
772 1223 799 1277 fn
819 1223 899 1278 domo
924 1221 1042 1277 sinistris
1091 1219 1184 1282 orbis,
1209 1219 1301 1290 accipe
1323 1225 1465 1290 presentis
1489 1223 1553 1278 cleri
1577 1224 1621 1293 pia
1645 1237 1707 1282 rota
1730 1231 1861 1296 precantis.

254 1314 382 1370 fiontious
409 1314 504 1382 lesus,
536 1313 628 1370 nrundi
655 1314 756 1385 gloria,
783 1313 881 1368 ntulier
901 1313 1040 1382 qrraedam,
1091 1306 1119 1374 i.
1146 1307 1180 1363 ttt
1203 1310 1291 1366 raleat
1313 1325 1420 1384 semper
1445 1313 1538 1370 laudes
1561 1315 1608 1371 tibi
1626 1331 1750 1387 promere
1771 1319 1861 1392 dignas.

253 1421 313 1474 quae
341 1415 399 1460 crat
424 1405 576 1475 peccatrix,
596 1405 672 1458 nardi
695 1401 821 1458 odoriferi
843 1402 965 1457 exhibuit
994 1419 1042 1458 un·
1091 1396 1199 1467 Accipe.

253 1505 364 1566 guenta.
396 1495 554 1566 dntiplrenu.
584 1494 668 1550 secus
698 1494 780 1562 pedes
815 1489 920 1546 Destrioi
950 1501 1041 1548 astans
1126 1487 1275 1552 tortptooo
1293 1491 1328 1544 nd
1346 1492 1460 1546 centies.
1481 1491 1602 1548 Omondi
1617 1494 1719 1565 lampas
1730 1505 1758 1552 et
1773 1513 1860 1568 marga·

255 1583 478 1642 inacessanteore
498 1581 804 1651 sacratoejosrestigia
826 1579 978 1646 osculatur,
1003 1581 1041 1635 la·
1093 1573 1325 1647 ritapraeiufgida,
1350 1595 1410 1650 oute
1437 1581 1663 1638 resurrectionem
1682 1585 1780 1642 Christi
1803 1603 1859 1640 nno·

253 1673 353 1744 capreis·
374 1673 465 1742 plena.
487 1672 646 1741 Antipltuno.
673 1669 802 1741 irrigabat
826 1671 908 1742 igitur
927 1671 1042 1727 domini·
1059 1659 1078 1716 Β
1094 1663 1185 1720 ttoouo
1210 1669 1392 1735 apostolorum
1417 1672 1537 1742 apostola
1556 1673 1613 1730 deri
1638 1676 1770 1742 meruisti,
1791 1676 1858 1732 llarir
1925 1689 1926 1702 ¹

253 1777 300 1818 cos
324 1763 386 1817 lesu
417 1763 519 1832 prodes,
542 1761 630 1817 fracto
655 1775 763 1830 utroque
790 1760 924 1816 alabastro
947 1761 1041 1832 praeei·
1090 1752 1259 1825 llagdslcna,
1275 1769 1453 1828 semperesto
1467 1761 1509 1829 pia
1522 1764 1659 1817 exoratrix
1674 1778 1722 1832 pro
1744 1765 1818 1820 nobis
1832 1765 1858 1820 al

253 1853 313 1923 pois
330 1855 469 1918 odoribus,
493 1851 624 1923 dependet
638 1853 733 1907 domus
753 1851 852 1915 ottrrris,
866 1861 946 1921 atque
959 1851 1040 1922 capil-
1091 1843 1185 1910 Deum·
1209 1847 1255 1916 ‘1¹¹5
1279 1856 1305 1902 te
1323 1849 1413 1918 elegit.
1429 1851 1456 1919 ti·
1472 1850 1603 1922 flagratis
1615 1851 1707 1908 lesum
1718 1855 1857 1910 muneribus

253 1941 341 1996 lorum
361 1941 448 1997 ullieio
467 1942 634 2013 detergebat.
655 1941 816 2009 Antiphone.
831 1938 923 1994 simon
950 1949 1040 1996 aorem
1090 1931 1193 1988 intimis
1216 1933 1300 1990 llario
1323 1939 1478 2008 praecordiis
1502 1938 1610 1995 aliatum
1626 1941 1752 2010 perunxit
1769 1951 1856 1997 uerat:

252 2032 323 2086 intra
337 2047 378 2098 se,
395 2033 501 2101 inquit:
518 2031 548 2086 Si
564 2039 635 2087 esset
646 2033 794 2101 propbeta,
815 2030 898 2085 sciret
920 2031 1040 2100 profecto
1090 2030 1227 2090 ¹¹¹¹B¹¹⁰¹¹l⁰
1242 2023 1366 2096 'fistola-
1380 2024 1456 2082 Unde
1474 2028 1574 2082 meruli
1587 2043 1696 2084 suorum
1718 2029 1856 2086 delictorm

253 2133 313 2188 quae
323 2129 349 2174 et
362 2121 449 2190 qualis
464 2129 537 2176 esset
551 2134 611 2190 quta
624 2120 709 2192 tangit
731 2131 805 2180 eunt,
822 2118 883 2189 quia
902 2119 1040 2187 peccatrix
1091 2111 1207 2166 Veniam·
1225 2112 1251 2180 f·
1265 2112 1456 2170 Pfcssffllssllffl
1471 2125 1625 2172 ³⁰⁵lf⁰f¹¹ffl
1639 2118 1733 2174 “fidel
1746 2119 1857 2188 piissimis

253 2221 305 2267 est.
323 2211 481 2282 trtrtptooo.
499 2211 690 2266 otcooonsos
706 2201 836 2265 oototios
849 2209 939 2264 utari:
960 2208 1039 2264 Post·
1091 2198 1176 2254 uttoar
1189 2199 1432 2262 toterreooootoos
1449 2205 1539 2261 utvtno
1558 2206 1640 2263 fode·
1658 2207 1743 2264 dode.
1763 2209 1790 2278 i·
1812 2210 1856 2264 ¹³·

253 2319 335 2374 quatu
348 2303 407 2357 verti
420 2303 445 2357 iu
462 2303 570 2358 donnum
585 2312 667 2369 tuam,
694 2317 746 2358 non
762 2301 879 2358 cessarit
893 2300 967 2355 crine
982 2299 1041 2355 fuso
1092 2289 1130 2344 ria
1144 2299 1219 2348 ⁵²²¹¹⁸
1233 2293 1266 2347 ld
1281 2303 1485 2352 ¹¹¹⁰⁰¹¹¹¹¹⁰¹¹²⁸¹¹¹¹
1500 2296 1609 2366 P¹⁰f²¹¹⁸
1622 2297 1689 2352 Vfdf‘
1706 2299 1773 2354 ‘¹⁰⁰⁵
1791 2315 1856 2370 ²⁰8⁸·

253 2391 312 2446 lgoec
340 2405 416 2446 meos
444 2391 558 2446 osculari
597 2390 690 2461 pedes,
719 2391 879 2461 Antiphone,
908 2389 1040 2457 Quoniam
1091 2379 1131 2436 fos
1153 2382 1180 2437 ftt
1202 2383 1271 2440 albis
1292 2386 1425 2442 sodanias.
1451 2386 1502 2442 [fbf
1530 2387 1647 2458 posllutn
1670 2388 1756 2444 fuel'fll
1776 2405 1856 2459 wiptti

253 2481 367 2534 inultum
382 2479 525 2543 dilexeras,
542 2481 611 2536 scito
627 2481 737 2536 dimissa
755 2480 803 2534 tibi
827 2471 993 2552 peccamina,
1013 2489 1041 2534 et
1089 2471 1163 2528 lett-
1178 2473 1205 2542 i.
1219 2473 1286 2530 Cum
1299 2489 1365 2546 ergo
1379 2476 1467 2543 llet‘tl·
1488 2477 1626 2535 ineflmlll
1642 2494 1682 2548 ³⁰.
1696 2489 1724 2534 el
1738 2482 1857 2550 limittit

254 2567 490 2638 llrloquapelles,
510 2585 588 2624 sacra
614 2569 641 2624 in
658 2583 724 2638 paco
745 2567 1041 2628 remitterebaetetor
1091 2563 1117 2620 in
1148 2575 1331 2623 monumento.
1362 2567 1423 2626 Ubi.
1447 2569 1473 2637 ri.
1501 2569 1646 2641 Discipulis
1674 2571 1787 2638 Christi,
1810 2587 1857 2641 utra

254 2673 335 2713 nomo
348 2660 474 2715 saectrlum
490 2660 516 2715 io
532 2660 702 2714 solemnitate
717 2667 819 2714 sancta
840 2657 941 2714 llario.
954 2661 1039 2725 Quam
1090 2655 1185 2727 gaudia
1202 2657 1273 2713 celsa
1286 2657 1380 2722 tulisti,
1393 2674 1454 2715 com
1469 2661 1582 2715 nimium
1604 2661 1695 2718 tristes
1718 2661 1857 2717 fueruntde

254 2747 331 2802 lesus
343 2751 445 2802 :eterno
456 2761 548 2801 umore
563 2747 655 2802 dilexit
670 2747 826 2816 plurimum.
842 2747 869 2816 i.
882 2745 944 2802 llaec
956 2745 1039 2801 ilaris
1090 2753 1179 2800 morte
1199 2745 1333 2818 blagistri.
1356 2748 1488 2806 Laetitiam
1503 2750 1582 2806 uobis
1606 2751 1667 2806 ritae
1689 2752 1801 2808 coelestis
1821 2753 1857 2805 ad
1927 2737 1928 2748 ἶ

255 2833 306 2889 fuit
323 2835 376 2900 illo,
391 2835 504 2890 Domino
518 2837 680 2907 gratissima,
694 2850 754 2905 quta
768 2841 904 2907 uttguonto
920 2838 1039 2906 pretioso
1088 2833 1181 2907 lunge.
1193 2836 1221 2905 i.
1237 2836 1272 2892 Ut
1284 2839 1336 2894 sibi
1348 2837 1512 2906 conformes,
1527 2839 1604 2909 cujus
1616 2843 1719 2911 pietate
1729 2851 1815 2897 sanata
1825 2858 1857 2901 es.

255 2927 337 2996 pedes
349 2927 425 2981 unxit
440 2925 522 2982 illius.
538 2926 635 2993 Qrtam.
651 2926 678 2994 ri.
699 2924 833 2996 Optimam
847 2933 951 2996 partem
959 2926 1040 2998 elegit
1090 2940 1164 2982 sorte
1179 2926 1319 2982 beatorum
1340 2927 1398 2984 fleri
1412 2944 1565 2986 mereamur
1578 2931 1605 2986 iu
1619 2947 1719 2988 unum.
1733 2931 1857 2988 Laetitiam.

254 3017 306 3072 sibi
321 3017 414 3072 ilaris.
429 3016 493 3084 Quae
510 3033 562 3073 non
579 3017 717 3072 auferetur
737 3016 771 3071 ab
791 3031 823 3071 ea
846 3018 872 3070 in
897 3025 1038 3072 aetornum.
1090 3016 1116 3084 'f-
1133 3014 1267 3072 Omirum
1281 3026 1309 3071 et
1323 3031 1448 3086 ntagnunr
1462 3019 1632 3085 miraculum,
1659 3021 1720 3090 uota
1738 3022 1857 3090 peccatrix

255 3107 283 3177 i.
304 3107 421 3178 diligens
437 3109 579 3163 mininam
595 3123 627 3163 ex
645 3109 726 3164 corde
749 3107 946 3178 perfectissimo
960 3108 1041 3164 coelu·
1090 3102 1191 3160 femina
1202 3105 1317 3160 audebat
1330 3103 1536 3178 liedernptorertt
1552 3108 1642 3164 rotundi
1656 3117 1775 3178 tangere,
1785 3109 1858 3179 taro-

256 3213 315 3253 ruru
329 3199 445 3254 obtinuit
457 3199 625 3268 dignitatern.
640 3199 714 3266 Qum.
730 3200 758 3270 ri.
779 3198 933 3266 Potissima,
955 3199 1039 3254 inter·
1092 3192 1191 3247 ¹³¹¹d⁰
1212 3199 1239 3247 0¹
1262 3193 1367 3263 c³ltinii
1392 3193 1531 3266 lifffssdb
1551 3196 1665 3252 ‘limidi
1679 3197 1857 3252 §illabili-¹³²1·
1928 3229 1929 3234 ¹

254 3289 321 3346 cede
347 3305 361 3343 a
388 3289 515 3358 Domino,
539 3288 636 3344 collata
669 3291 788 3360 gaudens
812 3297 938 3359 potenter
968 3288 1039 3359 pelo.
1091 3278 1154 3334 ideo
1171 3279 1281 3336 dimissa
1296 3289 1359 3338 suot
1375 3283 1400 3337 ei
1415 3295 1527 3353 peccata
1545 3287 1638 3348 multa,
1659 3287 1782 3356 quoniam
1802 3286 1857 3341 dile·

256 3375 354 3434 obtine
369 3387 398 3431 ut
413 3393 463 3433 nos
477 3377 738 3448 perenniterdirinis
752 3388 841 3434 tecum
855 3379 960 3449 gaudiis
982 3393 1043 3447 per·
1092 3369 1131 3424 ¹ll
1147 3370 1270 3426 multum.
1286 3371 1314 3440 f·
1330 3372 1403 3428 Vidi!
1425 3373 1511 3430 llario
1527 3375 1680 3458 Dominus),
1700 3386 1729 3432 el
1750 3377 1857 3442 credidi·

256 3465 387 3520 fruantur.
416 3466 443 3534 i.
464 3466 532 3533 Quia
557 3473 602 3521 tua
635 3468 802 3538 reposclrous
827 3467 922 3522 merita
947 3467 1043 3524 deletis
1091 3467 1120 3516 et
1133 3474 1194 3516 cum
1206 3460 1305 3531 gaudio
1318 3465 1438 3533 suscepit
1449 3463 1524 3520 illem
1539 3468 1659 3537 gaudeus
1670 3475 1698 3524 et
1714 3468 1786 3532 dent.
1807 3470 1857 3537 quia

256 3555 434 3610 facinoribus.
449 3554 556 3611 dtttine.
575 3556 603 3626 ti.
624 3555 689 3624 Quis
715 3556 870 3628 llagdalena
885 3557 1043 3612 sceleratior
1092 3551 1217 3620 cognorit
1231 3553 1460 3622 sepcccatricem.
1473 3555 1547 3612 ldeo.
1565 3555 1599 3612 fn
1621 3557 1743 3612 leodibus
1757 3558 1858 3627 calipto

257 3661 317 3702 esse
331 3645 423 3712 llario,
439 3661 498 3716 quae
519 3647 566 3702 ivit
586 3649 620 3703 ad
635 3663 716 3704 onrne
728 3648 839 3704 malum.
855 3648 920 3715 Quae
935 3650 1043 3704 nornine
1092 3657 1138 3694 rte.
1157 3640 1186 3695 ln
1212 3640 1307 3698 diebus
1331 3643 1411 3698 illis:
1434 3645 1538 3713 lfulier,
1561 3657 1698 3718 quaerat
1722 3650 1747 3704 in
1768 3649 1857 3705 ciuitate

257 3735 335 3806 plena
361 3743 452 3791 reatus
473 3733 611 3806 peccatrix
630 3739 758 3804 uocitata,
773 3737 913 3809 fuitqoasi
934 3739 1043 3794 nomino
1092 3733 1241 3801 ilecffllffl.
1261 3741 1290 3788 ΙΙΙ
1317 3735 1443 3805 ωεῦῠῖῑῑ
1467 3737 1538 3806 quod
1560 3734 1639 3794 lesos
1658 3739 1817 3794 accubuisset
1836 3741 1856 3794 lo

257 3825 352 3893 culpae.
369 3825 397 3894 i.
419 3826 485 3880 lium
500 3838 588 3882 tamen
604 3828 661 3898 ipsa
675 3829 757 3883 baum
772 3828 899 3900 lacrymis
921 3843 1043 3884 comoro-
1094 3823 1174 3877 domo
1192 3821 1311 3879 Simonis
1325 3824 1434 3895 leprosi,
1448 3828 1537 3883 attulit
1551 3828 1715 3884 alabastrum
1737 3829 1856 3902 armeni.

258 3911 297 3965 rit
320 3912 423 3966 obortis
448 3913 594 3967 cordis'ab
618 3915 733 3980 affectu,
763 3917 862 3970 meruit
875 3927 878 3938 ·
889 3915 1045 3986 peccamine
1095 3911 1257 3969 Hoecattlem
1272 3915 1416 3983 unliubona
1431 3927 1534 3972 tuotone
1548 3919 1643 3991 legitor
1654 3922 1689 3975 ed
1700 3922 1795 3976 laudet.

259 3998 336 4054 solvi.
361 3998 426 4065 Ques
458 3993 576 4057 notrtine'.
605 4001 936 4074 deripionn.'satagebat
963 4009 1046 4081 igitur
1365 4035 1367 4043 ι
1420 4003 1552 4076 lfgmnex.

252 4085 459 4152 allartlra,soror
467 4089 558 4146 flariae
565 4090 736 4163 flagilalenae.
745 4095 815 4150 circa
824 4096 1045 4168 ministeriaque
1304 4093 1435 4151 fidelium
1448 4096 1556 4154 devotio
1568 4098 1707 4170 depromat

257 4178 355 4232 sederis
371 4193 449 4234 seem
463 4180 544 4248 pedes
555 4181 659 4237 bantini
672 4184 798 4239 audiebat
813 4187 895 4242 uerba
907 4186 962 4242 oris
975 4187 1043 4257 ejus.
1268 4181 1403 4253 lfynmuur
1418 4185 1542 4252 Domino,
1560 4189 1606 4257 qui

235 4285 238 4293 ·
257 4270 419 4336 Antiphone.
437 4270 495 4326 lion
507 4282 558 4338 ost,
575 4271 679 4326 llartba
695 4275 791 4345 inquit,
807 4275 855 4331 tibi
867 4291 948 4342 cura,
972 4277 1043 4347 qood
1059 4297 1083 4354 ῃ
1273 4273 1363 4330 blaciae
1375 4274 1539 4346 llagdalenat

257 4372 405 4414 sorormea
424 4358 531 4429 reliquit
555 4375 597 4415 me
612 4360 697 4416 solam
718 4362 893 4430 ministrare,
904 4364 970 4432 jube
997 4365 1044 4432 illi,
1274 4362 1371 4419 Sedere
1381 4365 1457 4420 dedit
1468 4367 1495 4421 in
1506 4367 1616 4423 astitere.

257 4456 287 4500 ut
308 4463 351 4502 roe
365 4445 481 4515 adiuret.
496 4449 656 4521 Antiphone.
672 4451 705 4506 Et
720 4455 885 4521 respondens
901 4454 969 4511 dixit
990 4465 1046 4511 sta·
1307 4453 1395 4522 taqua
1407 4455 1471 4524 quid
1484 4465 1556 4512 essct
1570 4458 1667 4527 pietas,

260 4535 307 4589 tint
322 4536 357 4590 ilii
371 4533 518 4595 Marinus:
534 4537 625 4596 Unum
648 4550 737 4596 exstat
755 4551 831 4596 certe
852 4543 1045 4598 necessarium.
1274 4543 1339 4614 Ejus
1350 4545 1469 4601 ostendit
1480 4545 1597 4612 bertilae,

259 4623 323 4677 llaec
338 4625 467 4694 optimam
482 4629 532 4684 sibi
543 4637 648 4701 partem
659 4631 751 4703 elegit,
761 4645 821 4700 quac
831 4646 884 4687 nou
897 4631 1046 4688 auferetur.
1272 4631 1341 4698 oete
1354 4633 1438 4690 donet
1447 4637 1606 4706 penitentia

260 4712 420 4780 Antiphone.
436 4715 560 4786 Curtaque
580 4717 735 4776 Pharisaeus
757 4719 900 4776 bominum
914 4722 1048 4792 prandere
1272 4719 1404 4778 Patefecit
1416 4723 1571 4780 clementia.

261 4809 395 4871 rogasset,
410 4807 548 4874 corporeis
559 4805 659 4864 fruitur
670 4809 783 4880 dapibus
793 4809 862 4866 daos
882 4811 1046 4882 spirituales.
1306 4808 1372 4876 Quae
1386 4811 1461 4881 prins
1472 4813 1543 4867 enim
1554 4811 1656 4868 scelera

261 4891 422 4976 dotipltona.
447 4893 517 4950 Ecce
540 4911 617 4953 soror
643 4897 740 4954 Lazari
754 4901 798 4971 pia
813 4916 894 4968 nunc,
923 4901 970 4956 sed
984 4911 1049 4958 tunc
1275 4899 1579 4970 Cblbmfsfllllnllmffl.

260 4975 394 5030 scelerata
406 4975 495 5030 attulit
508 4989 675 5049 unguentum
689 4983 800 5054 pretiosi
814 4986 920 5054 penum
942 4985 1046 5042 odoris.
1274 4993 1389 5062 decepta
1409 5007 1476 5064 paee
1492 4995 1578 5051 uenias

260 5065 422 5136 Antipitone.
452 5063 569 5120 blasima
601 5082 664 5140 spes
690 5073 774 5129 uenia
797 5075 897 5145 populo
919 5088 1049 5131 succurre
1274 5080 1367 5151 Regno
1381 5083 1592 5152 potiturglorite.

262 5156 378 5228 roganti,
394 5163 424 5211 ut
440 5155 574 5213 scelerum
588 5161 693 5216 veniam
713 5175 868 5221 mereantur
882 5181 931 5237 per
951 5175 976 5222 te
998 5167 1048 5221 ba·
1308 5168 1393 5226 llaria
1406 5172 1485 5226 tersis
1499 5173 1618 5228 crinibus

260 5247 336 5303 bere.
349 5247 377 5317 ἡ.
396 5245 495 5304 Ofelix
510 5260 652 5305 sacrorum
670 5251 797 5324 lacrymis
820 5255 917 5328 rigatio
938 5257 1048 5327 pedum,
1275 5259 1459 5319 Procumbens
1468 5264 1569 5320 coristi
1583 5263 1695 5336 pedibus

261 5351 311 5428 pec
323 5351 404 5408 quam
415 5339 571 5409 promeruit·
582 5339 666 5396 llaria
683 5338 747 5407 dici,
757 5351 785 5398 et
795 5335 857 5400 esse
870 5346 929 5415 eins
939 5347 1047 5401 dilecta.
1277 5353 1343 5408 burn
1357 5353 1427 5425 rigat
1439 5369 1500 5410 cum
1517 5355 1652 5426 lacrymis,

262 5425 360 5496 Exque
374 5438 522 5498 pascuntur
534 5432 636 5486 aetltere
654 5434 753 5488 sancti.
778 5435 806 5503 y.
826 5436 953 5506 angelico
969 5437 1051 5506 pollet
1274 5443 1310 5497 Se
1328 5443 1490 5504 laratsorde
1504 5447 1634 5502 criminis.

262 5515 360 5572 decore
371 5518 428 5575 lraec'
440 5527 466 5578 et
481 5521 508 5576 lri
523 5536 571 5591 per
584 5521 732 5580 Christum.
747 5523 789 5580 Et.
807 5526 835 5595 ri.
855 5525 936 5582 Beata
952 5529 1047 5596 liaris,
1312 5531 1380 5590 ilinc
1390 5545 1533 5594 consecuta
1545 5535 1689 5607 plurimum
