3908 6312
62 309 127 366 gg:
646 305 969 402 stcutddutttttuu
983 309 1106 366 tetes.
1662 323 1714 383 858

73 423 177 478 billum
205 437 297 478 amum
317 435 467 492 raptamur.
489 419 522 476 Et
547 419 607 476 ideo
626 435 688 475 cum
714 417 817 491 angelis
841 427 868 475 et
883 431 908 488 p,
923 419 1003 474 stella
1020 421 1090 476 duee
1106 420 1243 486 revelasti,
1263 425 1380 506 concede
1394 427 1536 498 propitius,
1554 439 1583 486 ιιι
1597 400 1710 503 quijanr

68 511 259 584 erelrougelis,
269 527 330 568 eotn
344 511 449 566 tirronis
461 519 489 566 et
499 509 741 572 dominationibus,
754 523 870 576 ettmpuc
923 517 948 564 tc
970 523 1004 563 ex
1016 509 1079 564 'Dde
1102 511 1289 581 eognovimus,
1319 518 1457 584 usquead
1477 520 1710 592 contemplandam

69 601 155 656 eutui
174 600 268 656 militia
282 598 402 656 eoelestis
416 599 552 654 exereitus
569 598 698 670 hymnum
709 597 801 678 gloriae
816 604 866 652 tue

68 694 204 748 canimus
215 693 274 748 sine
290 692 342 748 due
356 691 499 746 dieentes:

110 785 194 856 infru
211 786 350 840 actionem.
370 781 623 848 Communieantes,
642 789 670 838 et
685 780 757 836 diem
777 795 869 836 sacra·

69 878 214 934 tissimum
230 875 408 938 celebrantes,
424 889 484 944 qua
499 875 585 930 beatae
595 873 688 928 llariae
707 873 869 926 intemerata

69 967 221 1038 virginitas
232 967 295 1022 bulo
309 967 409 1022 mondo
422 965 506 1021 edidit
519 963 700 1028 salvatorem,
713 963 761 1018 sed
772 971 799 1018 et
814 977 870 1017 me·

70 1063 194 1116 uterium
209 1069 374 1116 venerantes
388 1056 509 1128 ejusdem
525 1056 650 1128 gloriosae
665 1071 772 1127 semper
787 1053 870 1126 virgi-

71 1153 119 1208 uis
133 1152 226 1208 blaviae
235 1150 377 1222 genitricis
391 1149 438 1204 Dei
451 1158 478 1205 et
493 1147 599 1204 Domini
615 1147 700 1203 nostri
712 1145 778 1202 lesu
793 1145 870 1201 Clui-

70 1243 122 1308 sti,
138 1244 391 1298 scdetbeatorum.
558 1227 561 1236 ⁴
667 1307 671 1314 ἢ
725 1247 732 1264 ·

112 1335 341 1392 Portentamnnic.
372 1332 483 1398 Pr'aesta,
503 1346 670 1404 quaesumus,
697 1330 869 1400 omnipotens

69 1426 160 1493 Deus,
175 1435 206 1482 ιι
220 1435 299 1480 uatus
324 1423 404 1478 bodie
426 1422 553 1478 Salvator
566 1421 672 1484 mundi,
687 1421 758 1477 sicot
772 1421 870 1476 divinae

70 1520 155 1576 uoltis
171 1515 354 1590 generationis
367 1523 410 1569 est
422 1523 528 1581 auctor,
544 1514 581 1568 ita
606 1521 633 1570 et
657 1511 869 1568 immortalitatis

68 1607 108 1661 sit
122 1606 183 1676 ipse
198 1603 319 1672 largitor.
340 1601 391 1670 Qui
406 1609 494 1656 tecum
507 1601 584 1656 vivit.

212 1710 239 1750 ta
264 1707 339 1748 resa.
358 1707 452 1748 stucrt
472 1705 600 1747 srsvnmt
620 1705 735 1746 tettae.

921 600 1037 669 speeiem
1055 609 1106 655 tuac
1124 600 1493 674 celsitudinisperducantur.
1514 609 1577 665 Per.
1653 651 1656 662 .

955 691 1071 747 Secreta.
1093 693 1220 750 Ecclesiae
1241 703 1304 762 tvvm,
1326 713 1490 767 prraesnmus,
1512 702 1623 760 Domine
1639 705 1709 764 douo

920 781 1056 852 propitius
1082 782 1197 880 latuere,
1218 785 1317 856 qulbus
1335 785 1391 855 jam
1410 805 1462 844 nou
1481 806 1588 860 nurum,
1611 797 1711 853 tlmset

921 873 1031 943 nryrrlta
1055 873 1204 944 profertur,
1226 876 1272 929 sed
1292 877 1362 946 quod
1379 877 1481 934 eisdetn
1495 883 1652 940 tnutteribus
1664 886 1712 942 dc·

920 960 1053 1028 elaratur,
1068 963 1224 1018 immolatur
1236 974 1264 1020 et
1278 967 1403 1023 sentitur.
1417 969 1478 1026 Per.

975 1050 1114 1124 Presntt'o.
1131 1056 1276 1127 'sAEterne
1300 1057 1382 1124 Deos,
1396 1055 1459 1129 quia
1473 1077 1534 1116 eunt
1551 1064 1706 1136 unigenitus

920 1144 1004 1201 Filius
1020 1156 1080 1202 tuus
1092 1147 1118 1202 in
1142 1148 1293 1206 substantia
1310 1160 1410 1206 nostrae
1426 1155 1601 1213 mortalitatis
1624 1175 1709 1229 appa-

922 1235 986 1300 ruit,
1003 1251 1071 1291 nova
1085 1253 1135 1294 nus
1149 1238 1362 1300 tarmenatttatts
1372 1258 1429 1299 suae
1443 1244 1502 1300 luce
1517 1250 1663 1316 reparavit.
1677 1249 1711 1304 Et

922 1327 992 1383 idco.

956 1417 1035 1487 infru
1046 1421 1186 1476 actionem.
1208 1422 1448 1479 communicantes
1470 1434 1498 1480 et
1520 1426 1591 1483 diem
1617 1443 1710 1484 saera-

922 1509 1056 1566 tissimum
1079 1511 1261 1579 celebrantes,
1285 1529 1341 1584 uuo
1365 1515 1526 1585 Uttigrnitos
1545 1527 1606 1572 tuus
1624 1518 1649 1573 iu
1665 1531 1709 1576 tua

922 1607 1010 1656 tecum
1037 1602 1124 1674 gloria
1149 1614 1321 1669 cooeldttttts,
1353 1607 1381 1661 in
1408 1609 1522 1662 veritate
1550 1609 1639 1665 earinis
1662 1625 1711 1664 tm-

921 1699 986 1747 strae
1004 1692 1150 1749 visibiliter
1162 1695 1313 1764 corporalis
1340 1699 1477 1767 apparuit,
1494 1698 1582 1754 sedet
1605 1714 1709 1756 metuo-

109 1786 150 1842 Da
171 1787 259 1852 nobis,
283 1798 447 1855 quaesumus,
465 1783 588 1848 Domine,
604 1782 704 1837 inritati
716 1781 788 1852 quod
800 1780 867 1836 coli·
885 1767 1001 1848 Briau,
1016 1792 1070 1839 ete.

70 1895 149 1941 murs,
173 1886 203 1933 ot
225 1877 363 1932 diseamus
383 1883 411 1930 et
430 1874 556 1932 inimicos
576 1874 701 1946 diligere,
723 1873 785 1944 utria
808 1871 872 1942 ejas

70 1970 204 2026 trattalitia
214 1968 395 2038 celebramus,
407 1969 453 2039 qtti
468 1969 542 2023 novit
555 1968 636 2024 etiam
650 1981 699 2038 pro
713 1977 868 2038 persecuto-

71 2061 153 2116 ribus
163 2074 288 2116 exorare.
301 2059 354 2115 Per
367 2059 523 2115 Dominum.

107 2151 228 2207 Secreta.
259 2149 382 2220 Suscipe,
403 2149 527 2215 Domine,
549 2163 661 2204 munera
684 2161 734 2218 pro
756 2155 864 2220 tuorum

69 2242 334 2298 commemoratione
356 2229 524 2308 sanctoruni,
547 2249 578 2296 ut
600 2239 671 2310 quod
693 2237 754 2294 illos
773 2238 864 2309 passio

70 2332 221 2404 gloriosos,
231 2348 282 2390 nos
293 2332 400 2389 devotio
411 2332 506 2389 reddat
519 2332 661 2387 innocuos.
675 2328 738 2388 Per.

109 2426 279 2480 Comnvunio.
293 2423 465 2480 dusilientes
490 2423 584 2490 nobis,
609 2422 735 2487 Domine,
757 2433 864 2493 sumpta

70 2517 217 2590 mysteria,
235 2525 263 2572 ct
284 2515 469 2572 intercedente
484 2515 563 2570 beato
584 2513 722 2584 Stephano
745 2523 864 2586 atartyre

69 2619 118 2664 tuo
127 2609 293 2680 sernpiterna
305 2607 474 2678 protectione
487 2605 738 2663 coullrmeut..Per.

173 2717 201 2758 ta
219 2715 297 2756 resa.
318 2714 414 2756 saucrt
432 2713 540 2754 toturtts
558 2712 761 2753 nrtnosctsrts.

921 1903 925 1914 ·
953 1873 1118 1932 Gortrmnuio.
1131 1877 1242 1947 Praesta,
1255 1895 1421 1952 qtrusumus,
1431 1881 1544 1936 Domine
1560 1879 1633 1936 Deus
1660 1898 1710 1938 no·

917 1973 993 2031 ster,
1011 1976 1040 2023 ut
1054 1983 1114 2039 qttae
1130 1971 1242 2028 solemni
1267 1973 1436 2030 celebramus
1451 1967 1549 2030 olbelo'
1562 1976 1711 2046 ptuittcane

917 2061 1017 2115 mentis
1036 2062 1218 2136 intelligentia
1232 2081 1443 2136 consequamur.
1464 2068 1524 2122 Per.

916 2169 955 2242 (8)
968 2186 1126 2232 oeusomrm
1144 2193 1225 2233 suren
1237 2195 1334 2235 censos
1345 2195 1372 2234 ut
1386 2195 1589 2236 ruatvtctrteue
1601 2195 1708 2238 seueras

1260 2265 1361 2305 ιιιιιιιι.

855 2389 858 2406 ,
952 2338 1067 2404 Exattdi,
1080 2351 1243 2408 quesumus,
1255 2337 1380 2404 Domine,
1393 2339 1496 2409 plebem
1511 2349 1595 2408 tutam,
1606 2350 1634 2396 et
1648 2357 1708 2412 ptrue

915 2429 1088 2483 extrinsecus
1103 2443 1193 2482 annua
1213 2427 1310 2483 tribuis
1321 2429 1466 2485 devotione
1478 2431 1611 2492 venerari,
1636 2431 1708 2488 itue-

916 2517 974 2572 rlus
991 2515 1098 2586 assequi
1111 2516 1204 2586 gratiae
1222 2525 1273 2571 tore
1288 2517 1347 2573 lnce
1361 2519 1488 2574 concede.
1503 2518 1565 2574 Pet.

950 2607 1081 2663 Dominus
1093 2607 1242 2663 vobiscum.
1259 2607 1291 2662 Et
1317 2623 1389 2664 ctum.
1406 2607 1520 2664 Stresont
1533 2611 1626 2666 corda.
1639 2611 1683 2667 Gr:
1693 2639 1709 2656 ·

915 2697 968 2752 tias
987 2697 1290 2769 aganmsDomiuoDeo
1312 2710 1416 2756 nostro.
1449 2705 1477 2764 ›1‹
1499 2699 1707 2770 AEterneDeus,

105 2792 259 2848 Ecclesiam
279 2801 369 2855 tuum,
395 2789 519 2854 Domine,
542 2789 676 2857 benignus
696 2787 813 2855 illustra,
833 2797 863 2843 ιι
914 2797 1022 2845 creator
1035 2789 1099 2845 eoeli
1115 2797 1242 2854 etterne,
1261 2790 1318 2846 Der
1340 2806 1445 2861 regunt,
1460 2800 1489 2846 et
1507 2791 1637 2848 Dominus
1659 2793 1707 2848 du-

68 2885 146 2940 beati
166 2883 279 2939 loannis
300 2881 475 2954 evangeliste
495 2879 647 2936 illuminata
670 2879 804 2945 doctrinis
827 2881 862 2938 ad
913 2881 1090 2947 minantium,
1109 2896 1159 2936 uos
1170 2881 1306 2952 supplices
1321 2891 1382 2938 taos
1398 2883 1432 2937 ad
1446 2891 1471 2937 te
1486 2881 1635 2938 clamantes
1657 2884 1709 2939 ele·

68 2977 142 3032 dona
160 2974 300 3045 perteniat
310 2974 486 3044 sempiterna.
503 2971 565 3030 Per.
912 2981 1019 3028 menter
1030 2971 1158 3028 erarrdire
1173 2972 1301 3042 digneris,
1314 2973 1376 3042 qnia
1389 2974 1480 3027 omnia
1493 2989 1527 3028 ex
1539 2973 1584 3028 nih
1596 2973 1648 3031 loc
1664 2990 1709 3030 ea·

105 3065 227 3122 Secreta.
250 3065 364 3136 Suscipe
383 3077 508 3132 munera,
528 3064 652 3130 Domine,
674 3077 734 3134 quse
754 3064 880 3136 ineius·
914 3061 978 3127 asti,
994 3047 1109 3128 etiusstt
1130 3071 1177 3117 too
1199 3077 1279 3132 opera
1307 3078 1389 3133 apum
1418 3066 1487 3118 irorrc
1515 3064 1647 3135 liquorem
1672 3067 1707 3121 ad

68 3157 246 3215 solemnitate
269 3157 318 3213 tibi
342 3155 504 3222 deferimus,
528 3155 606 3225 cuins
629 3171 680 3212 nos
698 3156 861 3214 contituimus
913 3150 1108 3222 perlectionem
1122 3153 1193 3208 cerei
1212 3153 1323 3209 evenire
1338 3137 1440 3221 iecisti,
1466 3164 1493 3210 et
1510 3155 1639 3210 hodierna
1664 3157 1708 3210 dic

67 3250 224 3320 patrocinio
239 3247 359 3304 liberari.
374 3248 437 3304 Per.
914 3241 1070 3309 petitionem
1079 3242 1145 3311 justi
1160 3242 1296 3299 Simeonis
1314 3243 1441 3312 lutulenti.
1454 3244 1491 3300 Te
1505 3245 1645 3300 humiliter
1659 3245 1706 3302 de-

104 3339 273 3396 Coanmnnio.
294 3337 399 3394 Delceti
422 3337 484 3394 elbo
506 3349 626 3408 potuque
646 3337 764 3403 cmlesti,
789 3337 861 3392 Deus
912 3346 1073 3402 precamur,
1093 3342 1122 3388 ιι
1138 3332 1188 3388 bns
1206 3334 1333 3390 candelas
1347 3335 1380 3390 ad
1396 3350 1473 3390 usum
1506 3335 1658 3406 ironicum,
1678 3348 1705 3393 et

66 3443 175 3500 noster,
195 3441 223 3489 te
239 3432 376 3503 supplices
395 3431 587 3502 deprecantur,
609 3439 638 3485 ut
657 3429 686 3486 ιιι
705 3431 784 3510 eujus
803 3431 861 3486 baec
905 3425 1057 3496 ,sanimtern
1083 3439 1229 3496 corporum
1246 3426 1439 3482 stridularum
1460 3428 1623 3500 utriumque
1646 3443 1707 3487 tum

66 3523 329 3582 commemoratione
353 3522 534 3594 percepimus,
557 3521 617 3590 ejus
641 3521 807 3586 muniamur,
833 3528 861 3598 et
911 3515 1061 3588 stdelispro
1074 3515 1264 3574 benedictione
1285 3519 1342 3573 suis
1365 3520 1514 3588 gestaverit
1537 3520 1563 3574 in
1579 3521 1706 3578 titanibus

68 3620 209 3694 precibus.
224 3620 286 3678 Per.
622 3680 625 3686 ¹
905 3607 970 3689 'sive
984 3607 1010 3661 ιιι
1031 3617 1104 3664 terra
1119 3647 1128 3676 ,
1145 3609 1203 3664 sive
1231 3609 1258 3663 in
1280 3608 1359 3679 aquis
1383 3623 1432 3680 per
1446 3610 1643 3666 invocationem
1666 3611 1706 3667 tui

327 3727 354 3768 ,p
371 3725 474 3768 om„
496 3725 602 3767 puppup,
847 3771 850 3780 Ι
910 3699 1074 3756 sanctissimi
1090 3699 1218 3766 norniuls,
1235 3709 1264 3756 et
1283 3699 1506 3756 intercessionem
1528 3711 1629 3758 sanetae
1649 3699 1706 3760 tta-

104 3805 189 3871 Duug
213 3803 361 3876 quumvis
385 3803 441 3864 nau
466 3800 620 3859 suturarum
635 3800 707 3858 utem
720 3779 858 3860 culeum-e
910 3793 958 3848 ria.
973 3791 1034 3847 Filii
1056 3792 1093 3848 toi
1112 3792 1261 3864 genitricis,
1277 3791 1645 3865 cnjuspurgetioaetnitodie
1658 3807 1705 3850 ee·

67 3897 344 3962 compauperum,
356 3893 399 3952 tue
412 3908 474 3960 uus,
486 3909 652 3966 quaesumus,
663 3892 720 3962 ejus
731 3903 859 3966 perpetuu
911 3884 1047 3942 lebramus
1067 3885 1202 3968 mentibus
1220 3885 1325 3943 devotis
1339 3925 1346 3952 ,
1361 3875 1576 3962 atqueomniunr
1593 3878 1704 3942 soneto'-

67 3985 214 4042 otvtnttue
229 3985 342 4051 uuritrt,
364 3985 441 4055 eujus
462 3998 557 4041 sumus
575 3983 680 4040 carnut
694 3985 860 4041 commercio
911 3987 1086 4032 intraneorum
1101 3977 1342 4048 preoccupemus
1354 3975 1705 4047 oerieot†cere,etsuutv†

67 4079 201 4149 repatuit,
220 4078 283 4134 Pup.
588 4128 591 4136 Ι
910 4068 1166 4140 licaretoapietatc
1187 4071 1317 4140 digneris,
1344 4071 1447 4125 utitac
1473 4069 1549 4140 plebs
1578 4070 1703 4142 toa,qol

102 4171 223 4228 smum
243 4171 360 4238 praru,
376 4168 681 4241 quaeuumus„00mtue‚
697 4178 726 4222 ut
737 4181 788 4240 peu·
801 4168 859 4224 uaec
909 4159 959 4214 bos
970 4175 1065 4216 cereos
1082 4159 1230 4216 lmnoriltec
1245 4161 1271 4216 ιιι
1285 4161 1410 4216 manibus
1423 4169 1521 4231 portat,
1540 4171 1618 4232 toque
1633 4159 1704 4232 psai·

67 4281 197 4330 monera,
222 4279 282 4336 quae
303 4261 410 4320 Domini
435 4263 520 4318 nostri
543 4259 607 4317 lesu
631 4259 734 4316 Christi
752 4273 859 4314 urcuuae
899 4245 989 4306 'lende
1003 4249 1097 4306 landes
1112 4252 1251 4317 decantat,
1266 4259 1294 4306 tu
1307 4252 1438 4307 exaudias
1454 4265 1547 4306 eouun
1568 4265 1649 4306 voees
1669 4249 1703 4306 de

69 4355 225 4413 nativitatis
253 4353 388 4428 mysterio
418 4353 556 4424 gerimus,
584 4349 735 4424 pnnideatae
761 4349 859 4404 meritis
910 4341 1083 4399 eoelosaneto
1100 4351 1159 4408 tuo,
1171 4350 1199 4397 et
1212 4343 1245 4400 de
1260 4343 1323 4398 tede
1349 4341 1585 4410 majestativum
1608 4341 1701 4412 propi-

65 4445 275 4516 lntelligeutiam
290 4456 503 4513 consequamur.
518 4439 581 4498 Per.

120 4534 286 4591 Communia.
315 4533 427 4593 Praesta,
455 4545 628 4603 quaesumus,
658 4530 790 4596 Domtne,
825 4539 857 4585 ut

64 4627 138 4700 qood
155 4625 306 4683 Salvatoris
326 4623 410 4681 nestri
430 4625 527 4680 iterata
543 4621 718 4678 solemnitate
734 4620 857 4692 percepi·

65 4733 128 4773 tuns
147 4724 283 4788 perpetuae
297 4715 375 4772 nobis
390 4711 585 4784 redemptionis
598 4710 722 4768 conterat
744 4709 855 4765 medici·

64 4821 140 4864 uam.
156 4805 219 4862 Per.

307 4912 335 4952 ut
352 4910 493 4952 ιιιιιιιιιιι
512 4909 619 4952 ιιιιιιιι.

101 4991 185 5056 Deus,
199 4987 245 5060 qui
261 4987 390 5044 bodieraa
404 4986 447 5042 die
458 4985 630 5056 Unigenitum
642 4992 716 5039 tuum
731 4982 856 5054 gentibus

99 5167 229 5242 (illceret
252 5167 403 5225 denedictio
429 5168 456 5222 in
477 5169 520 5224 dle
540 5166 742 5224 Purificatlonis
760 5165 853 5222 diarias

62 5239 201 5311 posterior
213 5237 291 5294 valde
308 5247 350 5295 est
365 5238 531 5309 temporibus
551 5239 638 5296 sancti
653 5237 776 5308 Gregorii
799 5237 855 5292 dla-

62 5309 120 5382 gni.
138 5309 282 5364 Nooenim
298 5307 358 5378 ejus
373 5309 497 5364 meminit
509 5322 597 5379 neque
610 5305 780 5372 amalarius,
805 5322 853 5363 ne·

62 5395 116 5452 qne
137 5375 297 5445 walfridus,
318 5393 406 5449 neque
424 5379 611 5449 supposititius
631 5375 778 5442 Alcoioos,
807 5377 852 5449 qui

62 5459 155 5506 tannen
173 5449 449 5506 memiultcereonrm
465 5449 680 5513 benedictorum,
698 5461 767 5517 quos
787 5461 854 5516 pon-

62 5520 130 5576 tilex
146 5519 281 5575 maximus
293 5519 494 5576 distribuebat!
517 5517 599 5574 llulto
613 5517 704 5574 ovinus
722 5518 749 5570 in
770 5515 853 5574 Gelu·

62 5591 151 5656 siavoo,
167 5590 195 5645 in
210 5587 386 5660 Gregorlano,
406 5591 433 5644 in
459 5587 613 5646 Gellouensl
638 5585 855 5656 aliisqoesaera·

62 5670 218 5717 mentomm
229 5658 306 5715 libris
315 5659 349 5716 de
363 5661 415 5716 bae
429 5659 617 5718 benedictione
629 5658 729 5724 agitor.
746 5655 774 5712 ln
786 5672 853 5727 qno-

60 5729 124 5786 daru
135 5731 248 5800 antiquo
261 5729 428 5788 Turonensis
442 5729 569 5790 Ecclesia
584 5727 684 5785 missali
698 5727 768 5785 libro
779 5731 851 5786 eirea

785 4452 788 4460 ·
871 4453 896 4514 D
911 4431 1016 4502 tiusqoe
1030 4433 1068 4487 sis
1080 4433 1207 4486 omnibus
1215 4419 1394 4486 clamantibus
1409 4431 1442 4486 ad
1457 4440 1494 4496 te,
1505 4429 1701 4500 quospretioeo

910 4523 1009 4580 Christi
1022 4523 1082 4578 Filii
1098 4523 1136 4579 ιιιι
1150 4523 1285 4594 sauguine
1304 4521 1431 4594 dignatus
1451 4537 1480 4578 es
1496 4517 1701 4594 rettuderunt

909 4623 998 4672 tecum
1011 4615 1086 4670 vivit.
1517 4663 1520 4676 .

943 4702 1068 4760 Dromos.
1082 4701 1228 4774 Praeceptis
1242 4701 1407 4759 salutaribus
1421 4701 1530 4768 muniti,
1544 4712 1599 4758 ete.
1620 4701 1701 4758 Pater

909 4806 1001 4853 nester
1014 4796 1060 4866 qni
1075 4809 1106 4852 es
1124 4797 1150 4852 in
1170 4795 1256 4862 eoelis,
1270 4807 1324 4850 ete.
1593 4791 1604 4808 ⁴

943 4887 1005 4944 Alie
1014 4888 1111 4945 oratio.
1121 4888 1267 4957 Dene†die,
1285 4887 1406 4952 Domine,
1420 4885 1484 4942 lesu
1497 4885 1617 4954 Dltriste,
1628 4887 1701 4944 bane

907 4987 1058 5036 ereaturam
1076 4978 1147 5034 cerei
1166 4975 1405 5048 supplicationibus
1420 4976 1530 5043 nostris,
1544 4985 1571 5033 et
1589 4975 1700 5033 inlurule

907 5173 1196 5298 xseeulumseripto,
1219 5173 1300 5229 troica
1317 5181 1420 5229 tantont
1444 5173 1533 5230 oratio
1554 5175 1697 5244 repetitur,

906 5245 942 5300 ud
965 5245 1106 5299 luminario
1140 5245 1319 5312 euediceudtt,
1353 5253 1381 5299 et
1407 5243 1434 5299 io
1462 5245 1516 5299 alio
1538 5245 1699 5326 perantIqo

907 5315 1064 5370 monosterii
1089 5313 1176 5370 saneti
1201 5311 1362 5370 Tiroodorici
1387 5317 1465 5370 ouiea
1490 5323 1590 5384 pontes
1607 5313 1696 5368 oratio

907 5385 943 5440 nd
960 5384 1148 5440 benedicendos
1162 5400 1269 5448 ceream
1286 5397 1355 5455 quas
1376 5385 1514 5439 orationes
1528 5381 1611 5438 relect
1628 5379 1697 5436 llatr-

906 5461 969 5513 tene
980 5457 1013 5524 (t.
1029 5453 1060 5508 lll
1075 5453 1164 5525 Aratio.
1181 5471 1234 5510 ece.
1253 5455 1347 5524 ditclp.
1364 5454 1411 5510 lib.
1427 5469 1464 5520 tv,
1478 5471 1503 5508 u.
1517 5451 1557 5524 5),
1571 5467 1632 5506 com
1647 5451 1697 5505 ali·

905 5526 1004 5596 quibos
1016 5525 1112 5580 rltlbos
1126 5539 1191 5580 sane
1205 5525 1322 5595 nononis
1337 5523 1370 5580 ad
1381 5537 1474 5578 cereos
1487 5521 1694 5578 benedicendos.

905 5596 978 5651 uiuit
995 5595 1028 5651 de
1051 5595 1108 5666 ipsa
1124 5595 1234 5665 insuper
1257 5595 1284 5650 in
1306 5595 1417 5662 antiqno
1440 5591 1529 5649 libello
1539 5593 1694 5650 orationum

905 5665 1238 5737 Gotblec-llispunlearum
1258 5663 1325 5721 alins
1343 5676 1501 5720 tnemorato.
