3908 6312
518 293 690 358 EXCERPT.
710 294 754 353 EX
767 289 867 354 coho.
881 293 1020 353 hirone.
1032 295 1295 354 lonrnvultnn.

230 411 294 480 Quae
310 409 401 468 muudi
415 409 648 482 purgarcriminu.
893 413 918 475 A
1004 409 1063 464 Erit
1073 409 1191 465 solutum
1203 425 1284 480 super
1296 410 1356 468 coli
1368 411 1468 468 radios.

230 501 290 557 'lihl
310 501 441 557 talentum
457 499 589 564 creditur,
1002 498 1030 552 ln
1046 497 1100 552 line
1112 497 1204 554 mundi
1216 498 1298 567 iudex
1313 500 1368 556 eris
1380 501 1481 556 secuti.

231 589 296 646 Adae
310 590 383 660 quod
397 587 478 644 sulm
494 587 625 642 debitum.
1037 585 1094 642 Non
1108 587 1194 657 impar
1205 589 1302 643 Paulus
1315 589 1376 644 huic
1386 591 1481 646 doctor
1496 589 1631 661 pestium,

267 679 322 736 Nos
335 681 397 737 ritae
408 682 487 750 signo
501 687 624 750 protege,
1001 673 1148 732 Electionis
1165 677 1292 745 tempium
1309 678 1537 744 sacratissimum,

230 769 288 838 Quo
300 785 346 826 ren
362 771 511 846 triumphat
524 769 626 840 gloriae.
1002 762 1031 817 ln
1047 773 1135 819 morte
1148 778 1269 836 compar,
1286 765 1312 818 in
1327 780 1426 820 corona
1443 768 1589 837 particeps,

229 857 281 913 Per
296 869 322 914 te
335 860 368 914 ad
385 873 499 926 regnum
510 857 627 928 perveha
999 853 1087 909 Ambo
1101 853 1230 919 lucernae,
1243 863 1270 908 et
1281 856 1362 910 dectus
1374 855 1501 912 Ecclesiae

228 949 300 1018 Quos
317 950 449 1005 servitute
461 949 568 1004 linerat.
1001 942 1032 1000 lo
1044 945 1114 1001 orbe
1125 945 1201 1000 claro
1214 957 1359 1001 coruscant
1369 947 1530 1002 rihraminr.

266 1039 306 1094 Sit
319 1039 392 1094 l‘atrl
407 1039 465 1094 laus
479 1037 613 1110 ingenito,
1035 1033 1156 1090 Ollorua
1170 1033 1244 1097 ielis,
1260 1049 1319 1102 qum
1331 1043 1467 1089 tantorum
1480 1035 1630 1106 principum

229 1127 270 1184 Sit
284 1129 366 1183 decus
379 1127 533 1198 Unigenito,
1000 1123 1034 1178 Et
1045 1133 1191 1193 purpurata
1204 1125 1323 1194 pretioso
1340 1125 1471 1195 sarngnine

227 1216 268 1272 Sit
282 1217 421 1286 utriusque
437 1216 515 1287 parili
1000 1215 1116 1270 Excellia
1129 1230 1236 1272 omnem
1250 1217 1341 1270 tutundi
1359 1217 1586 1286 pulchritudinem

229 1307 352 1376 llajestas
364 1323 468 1362 summo
484 1306 608 1362 Flamini.
622 1306 719 1360 hrnen.
1000 1305 1058 1360 hon
1073 1305 1151 1362 laude
1169 1316 1228 1372 tua,
1243 1308 1290 1362 sed
1304 1319 1457 1362 sanctorum
1473 1309 1577 1364 meritis

337 1397 458 1470 llpmnrrs
468 1397 613 1452 collaudes.
1000 1396 1075 1464 Quos
1088 1398 1239 1452 cruentatis
1247 1399 1375 1469 jugulasti
1392 1399 1498 1468 gladiis.

262 1489 335 1546 Crux
350 1491 442 1545 mundi
454 1489 620 1554 henedictio,
1037 1481 1089 1538 llos
1102 1497 1167 1552 ergo
1180 1483 1260 1536 modo
1278 1485 1386 1553 gloriosi
1403 1483 1544 1552 principes,

228 1582 295 1654 Spes
309 1591 337 1636 et
351 1591 424 1637 certa
439 1579 603 1650 redemptio,
1000 1571 1079 1628 Petre
1093 1573 1181 1638 home,
1197 1570 1280 1626 Paule
1293 1571 1385 1626 mundi
1403 1571 1504 1637 lilium,

228 1671 297 1726 0lim
311 1671 441 1738 gehennae
455 1668 542 1738 bajula
554 1708 561 1734 ,
999 1663 1124 1718 Coelestls
1138 1661 1206 1716 auito
1220 1661 1396 1730 triumphales
1410 1661 1524 1726 milites,

227 1761 302 1816 Nunc
312 1761 383 1816 clara
400 1759 460 1814 eceli
472 1759 564 1830 ianua.
998 1753 1129 1810 Precibus
1142 1751 1221 1806 almis
1237 1751 1335 1806 vestris
1345 1767 1393 1806 nos
1404 1753 1438 1804 ah
1452 1751 1580 1807 ortrnihus

265 1849 294 1904 ln
310 1859 336 1906 te
349 1849 453 1904 leuatur
463 1849 549 1904 hostia
998 1841 1101 1898 hlunite
1116 1841 1205 1909 malis,
1217 1842 1287 1900 serie
1302 1857 1383 1913 super
1397 1847 1510 1902 cetlrera.

228 1942 365 2010 Adeoque
380 1941 460 1994 traxit
470 1938 560 1993 omnio
1033 1933 1126 1991 Gloria
1142 1934 1197 1990 Deo
1211 1935 1403 2006 perimmensa
1418 1935 1515 1991 saecula

228 2030 313 2100 Quam
325 2031 417 2086 mttndi
433 2030 560 2100 princeps
573 2029 693 2098 impetit,
998 2020 1041 2078 Sil
1057 2021 1116 2086 ilbi,
1130 2021 1210 2090 Nale,
1226 2023 1308 2078 decus
1318 2031 1345 2077 el
1358 2023 1510 2094 lntpetitltn,
1527 2033 1580 2078 ele.

229 2121 370 2190 Suunrque
384 2121 450 2176 nihil
465 2121 577 2176 inuenit.
1158 2129 1185 2169 rs
1203 2129 1301 2170 ntrstr
1320 2129 1476 2171 sonuuumr.

262 2210 328 2277 Quae
341 2210 558 2282 legisantiqnius
961 2204 1162 2270 lnnitctoriunt,
1178 2213 1206 2258 nt
1225 2205 1252 2258 in
1272 2206 1357 2260 editis.
1383 2207 1542 2274 Anriplronn.
1569 2204 1595 2258 ln
1622 2205 1717 2274 plateis

230 2299 314 2356 Vetus
324 2310 413 2354 cassat
428 2299 653 2372 chirographum,
927 2297 1095 2366 ponebantur
1115 2293 1217 2350 inllrmi
1243 2295 1270 2350 in
1295 2295 1415 2361 lectulis,
1432 2304 1461 2350 ut
1483 2296 1610 2350 renimte
1628 2296 1717 2352 l‘ctro.

229 2389 345 2458 Antiqua
360 2389 433 2459 perit
447 2391 581 2460 servitus,
927 2385 962 2442 lt't
981 2396 1081 2441 cetero
1095 2387 1245 2456 arripiatur
1264 2388 1341 2456 primi
1357 2397 1381 2442 et
1398 2387 1504 2440 teruncii
1521 2387 1641 2441 nocturni
1659 2403 1717 2458 qus

230 2478 296 2535 Vera
314 2478 424 2534 lihertns
435 2480 566 2536 redditur.
926 2485 1061 2546 ponuntur
1075 2474 1107 2528 de
1118 2475 1230 2529 historio
1244 2475 1355 2528 Actuom
1368 2475 1556 2545 apostolorum.
1569 2477 1717 2546 Antiphonu

262 2567 361 2624 operis
373 2569 410 2624 tui
422 2571 499 2640 copia
927 2563 962 2616 od
976 2561 1089 2617 cantico.
1107 2562 1276 2634 Signillcarit
1296 2563 1425 2620 Dominus
1443 2564 1541 2632 Petro,
1559 2581 1612 2637 qua
1631 2575 1717 2622 niorto

231 2656 332 2712 (inuncta
346 2657 433 2711 rineit
446 2666 569 2714 aromata
927 2653 1125 2710 clarificaturus
1143 2663 1214 2710 esset
1238 2655 1340 2720 Deum,
1367 2655 1484 2710 alleluia.
1513 2655 1717 2726 Responsorimn

230 2747 281 2802 'lui
294 2747 408 2802 dulcedo
421 2747 539 2804 nectaris
895 2815 897 2822 J
927 2745 1089 2802 duodecimo
1101 2745 1228 2801 lectionis.
1244 2746 1312 2801 (lium
1329 2757 1400 2802 esset
1414 2747 1510 2802 Petrus
1525 2748 1551 2802 in
1567 2764 1658 2812 eruco,
1675 2763 1718 2804 te·

229 2837 323 2908 lleplet
336 2851 437 2892 arcana
453 2837 580 2908 pectoris.
927 2836 968 2891 nit
981 2837 1059 2892 turha
1074 2835 1175 2902 multa,
1194 2837 1375 2892 maledicebat
1390 2837 1541 2900 (laesuram,
1555 2847 1581 2895 et
1598 2839 1718 2894 lecerunt

264 2927 313 2982 Per
325 2924 450 2992 Crucem,
465 2927 581 2992 Christe,
594 2942 749 2998 qrtaesumus
926 2926 1062 2996 planctum
1087 2941 1214 2997 magnum
1229 2935 1292 2981 ante
1304 2941 1423 2983 erucem.
1447 2925 1543 2982 Petrus
1556 2929 1717 2984 exhortaba-

228 3014 268 3072 hu
279 3016 341 3070 ritae
353 3016 468 3072 transler
477 3017 616 3086 premium
928 3028 972 3074 tur
985 3031 1031 3072 eos
1044 3017 1077 3072 de
1091 3031 1171 3072 cruce
1194 3016 1288 3072 dicens
1306 3034 1315 3072 z
1329 3016 1416 3074 llolite
1437 3017 1514 3083 llere,
1542 3022 1588 3075 sed
1602 3021 1719 3088 gaudete

231 3102 304 3172 Quos
318 3104 382 3176 ligni
397 3103 468 3160 haus
481 3105 572 3176 stipite
888 3066 912 3128 c
928 3121 1047 3172 mecum,
1062 3105 1125 3176 quia
1140 3105 1208 3161 rado
1223 3120 1322 3176 parare
1336 3106 1411 3162 nohis
1426 3105 1525 3162 locum.
1542 3106 1650 3164 Gratias
1665 3109 1714 3164 tihi

229 3192 359 3264 dignatus
371 3208 401 3250 cs
414 3195 556 3262 redimere,
926 3212 994 3268 apo,
1007 3197 1104 3252 Pastor
1127 3197 1214 3262 hone,
1232 3197 1295 3267 quio
1314 3211 1379 3252 ures
1393 3212 1460 3267 quas
1480 3198 1613 3253 tradidisti
1639 3199 1716 3267 mihi,

263 3283 305 3340 Sit
315 3284 374 3340 laus
386 3285 458 3342 Patri
475 3285 603 3358 ingenito,
621 3297 674 3345 etc.
926 3289 1126 3358 compatiuntur
1141 3303 1246 3344 mecum
1262 3289 1288 3344 iu
1303 3281 1511 3360 sempiternum,
1533 3297 1560 3343 et
1580 3302 1643 3343 cum
1664 3286 1717 3344 hoo

170 3389 200 3430 ιιι
218 3389 316 3430 ιιιιιι
334 3389 527 3432 arosrouonurr
547 3393 627 3433 rersr
645 3393 681 3434 rr
700 3395 788 3438 rrum.
926 3377 1054 3443 dixisset,
1074 3378 1135 3433 ait:
1156 3377 1255 3444 Nolito,
1272 3387 1325 3436 ete.

414 3465 545 3538 llpnrnnc.
1031 3485 1058 3526 m
1075 3485 1174 3526 ιιιτιιι
1193 3484 1302 3525 sonore
1322 3484 1412 3526 ιιιιιιιι
1433 3485 1610 3527 seposueris.

189 3555 266 3612 Felix
282 3571 330 3626 per
343 3571 439 3612 omnes
451 3555 549 3614 lectum
562 3558 653 3614 mundi
667 3561 778 3618 cardine
1170 3558 1212 3612 dd
1226 3573 1344 3628 cerpercr
1356 3559 1478 3630 luporum.

152 3644 345 3715 Apostolorum
361 3647 500 3717 praepollet
515 3647 651 3716 alacriter,
1101 3644 1183 3700 Nardi
1199 3644 1282 3701 llaria
1298 3645 1386 3717 pistici

153 3733 230 3788 Pctrl
245 3734 325 3798 heati,
339 3734 416 3790 Pauli
431 3737 626 3804 sacratissimi,
1066 3735 1187 3807 Sumpsit
1200 3735 1295 3794 lihmm
1312 3753 1374 3792 ιιιοι
1390 3738 1485 3808 optimi

153 3817 229 3891 eros
241 3824 365 3880 Christus
379 3825 451 3880 almo
465 3828 636 3882 consecrarit
651 3829 781 3898 sanguine
1066 3825 1151 3883 Unrit
1162 3826 1257 3884 henim
1269 3827 1374 3883 llonrini

153 3915 337 3970 Ecclesiarum
357 3917 494 3986 deputarit
505 3920 649 3989 principes.
1067 3919 1152 3978 Sedes
1166 3917 1279 3989 rigando
1293 3917 1430 3989 lacrymis.

195 4004 226 4058 lli
240 4015 303 4061 suut
318 4006 397 4060 olirae
412 4006 471 4063 duee
483 4023 574 4064 eoram
591 4008 702 4066 nominc
1103 4010 1214 4077 llonor,
1232 4016 1327 4079 decus,
1342 4022 1395 4069 etc.

153 4093 189 4149 Et
201 4095 363 4150 candelabra
377 4096 437 4152 luce
452 4097 599 4162 radiantia,
964 4099 1155 4155 luritotorirrm.
1175 4098 1331 4167 AEternum,
1349 4101 1503 4171 trinumque
1522 4100 1605 4156 Deum
1623 4101 1716 4160 lauda·

155 4184 293 4240 Praeclara
308 4185 369 4240 coeli
384 4188 438 4240 duo
452 4184 606 4243 luminaria.
926 4200 1133 4256 musmonem,
1149 4189 1194 4258 qrri
1209 4190 1259 4246 sihi
1274 4190 1387 4244 hiarium
1402 4191 1551 4246 transterit
1570 4189 1597 4243 in
1612 4191 1715 4246 aethera

154 4275 249 4330 Fortia
260 4276 370 4332 solvunt
384 4273 556 4347 peccatorum
572 4279 680 4334 uincula
925 4285 1031 4330 sancta.

153 4367 502 4440 Portasoiyrnpircscrant
517 4370 649 4426 fidelihus.
890 4387 913 4442 p
1250 4365 1377 4436 llpmnur.

191 4457 296 4514 liabent
307 4473 438 4530 supernas
452 4468 611 4530 potestatem
1068 4455 1199 4511 consonis
1213 4455 1349 4510 Christum
1363 4471 1521 4512 verteremur
1534 4456 1594 4512 odis

155 4547 288 4604 claudere
303 4563 427 4605 sermone
439 4550 534 4618 sedes,
757 4545 759 4550 '
1031 4545 1109 4602 lluno
1119 4547 1189 4602 diem
1205 4545 1367 4602 celebrando
1381 4547 1493 4612 lestunr,

154 4638 278 4694 Pandere
292 4638 462 4708 splendentia
477 4640 580 4696 lumina
592 4640 655 4712 poli,
1034 4635 1113 4692 h'uno
1124 4635 1288 4705 llapdalenae
1302 4635 1394 4691 llariae

157 4727 247 4799 Super
258 4727 315 4784 'alta
327 4730 419 4784 sidera
428 4729 534 4800 ⁴linguae
1030 4726 1083 4784 Per
1094 4727 1186 4783 orheru
1201 4726 1432 4797 congratulantes.

154 4819 255 4874 Eorum
271 4819 361 4874 clares
373 4819 434 4876 ooeli
453 4819 609 4876 lactescunt
1068 4815 1134 4883 Quae
1147 4825 1229 4884 caput
1247 4816 1384 4884 quondam
1400 4815 1506 4872 Domini

156 4909 259 4964 barras
268 4909 401 4980 repellunt
416 4911 485 4966 ultra
503 4911 595 4966 mnndi
606 4911 716 4968 limites.
1031 4904 1174 4970 Perunxit,
1189 4919 1221 4960 ac
1231 4906 1314 4974 pedes
1324 4905 1399 4971 lauit,

193 4997 290 5054 Petrus
301 4999 397 5054 heatus
411 5009 567 5054 catenarum
583 4998 692 5069 laqueos
1031 4992 1170 5064 hacrymis
1186 4995 1299 5065 rigando
1313 4995 1390 5051 crine
1400 4994 1509 5052 detersit

155 5086 265 5143 Christo
277 5086 388 5158 jubente
403 5090 474 5158 rupit
487 5088 656 5154 mirabiliter,
1041 5084 1145 5154 tepide,
1158 5083 1325 5156 supplexque
1335 5077 1417 5143 eorde
1434 5087 1575 5159 genumdo.

155 5179 254 5234 Custos
267 5177 358 5242 ovilis,
373 5185 401 5232 et
416 5179 510 5234 doctor
524 5177 660 5242 Ecclesiae,
1064 5177 1182 5246 indeque
1193 5177 1335 5234 oonlestim
1349 5181 1431 5236 totius
1442 5187 1531 5236 reatus

157 5267 309 5337 Pastorque
323 5269 427 5339 gregis,
440 5276 616 5324 courserrator
626 5268 715 5331 orium
1031 5265 1151 5322 Contulit
1163 5266 1288 5324 Christus
1299 5270 1407 5324 vertiam

156 5359 239 5412 hrcet
253 5356 377 5426 luporum
390 5357 568 5412 truculentum
583 5357 695 5412 rahiem.
1031 5355 1157 5414 Precaml
1171 5355 1275 5414 Simoni
1293 5359 1402 5431 dignum

193 5445 830 5518 erodounqueuinclissuperterramstriuxeris,
1030 5442 1190 5516 Paradigma
1207 5447 1327 5517 pandens
1339 5460 1387 5502 ore
1399 5444 1524 5516 benigno.

158 5535 217 5588 Erit
232 5535 259 5590 in
270 5537 351 5592 astris
362 5535 502 5608 religatum
517 5534 638 5602 fertitem
1068 5533 1130 5593 nec
1142 5537 1204 5593 tulit
1218 5541 1356 5610 myrrham
1370 5545 1461 5606 erepta
1473 5537 1525 5594 sult
1536 5534 1608 5601 luce,

162 5623 195 5678 lit
207 5625 280 5692 quod
293 5625 405 5683 resolvis
417 5625 444 5682 in
457 5625 537 5682 terris
550 5623 671 5690 arbitrio,
1033 5625 1074 5680 hd
1085 5628 1289 5698 perungendum
1303 5627 1446 5683 hominum
1460 5625 1601 5690 sepulcro,
