3964 6306
280 333 334 394 asa
395 367 398 374 ,
636 333 782 394 ttrsstnn
801 315 935 393 nstrum
954 332 1029 391 sac.
1050 331 1131 389 nno.
1154 331 1185 388 n.
1203 327 1338 388 tstoom.
1359 357 1395 371 -
1413 325 1504 388 nans
1524 325 1564 388 ιι.
1871 317 1913 378 att

280 468 335 516 stat
355 466 364 506 τ
384 471 431 529 per
447 470 498 528 que
513 456 563 512 ista
572 455 742 528 compeditur
763 470 773 513 a
791 465 818 515 ct
841 455 997 526 piorumque
1011 450 1145 526 plusAO
1168 449 1243 506 iuror
1265 449 1414 519 mcrttagua
1438 462 1491 505 :sc
1519 447 1619 516 ipsum
1633 441 1738 516 irrugit
1758 441 1784 502 in
1798 447 1862 508 raab
1875 465 1918 514 :g

280 548 372 606 taient
393 547 495 603 ananim
519 545 590 604 bella
610 561 620 604 a
638 562 718 617 quam
742 547 849 620 publica
871 560 879 601 a
898 545 962 603 dum
985 545 1074 602 minus
1124 541 1261 598 Christum
1276 539 1341 598 iacit
1363 539 1534 610 triumphare
1551 535 1590 593 de
1605 535 1726 591 sanetis.
1741 533 1794 592 Stra
1810 552 1858 595 nou
1869 553 1920 602 aaut

280 635 442 695 erubescunt
463 650 473 692 a
491 633 605 705 quisine
617 643 684 692 teate
697 645 853 706 operamur.
868 635 910 692 tid
921 636 1009 692 ocium
1024 634 1075 692 ita·
1126 629 1245 691 mentiare
1259 647 1312 706 que
1331 631 1462 690 destruxit
1477 641 1633 703 quaecum
1648 637 1748 684 eterno
1759 627 1829 704 linge
1844 635 1921 696 ntes

280 743 333 800 quc
355 728 448 784 ocatios
473 727 646 798 animumque
667 737 803 782 sermmns
824 742 832 782 ι
853 734 882 782 nt
903 725 1073 797 omnipotens
1125 726 1189 785 lacit
1210 745 1217 782 :
1238 742 1300 783 cum
1323 727 1409 798 punit.
1434 725 1504 782 Ecce
1524 722 1752 780 innumerabiles
1766 739 1818 780 raon
1835 739 1921 786 cosam

282 817 354 874 ileos
379 815 517 887 inspector
547 814 638 870 cordis
660 813 863 888 :cognitorque
888 815 986 872 masao
1013 829 1074 872 cunt
1127 818 1286 892 dpenerct
1300 817 1472 874 sanctissime
1488 814 1625 888 Virgines
1647 811 1790 870 Christum
1803 813 1920 877 iionrintn

282 905 438 979 probauerit
460 904 512 962 sibi
526 903 633 978 placere
645 919 699 976 que
719 905 860 977 querimus
881 919 889 959 a
909 903 1074 962 voluntatem
1125 909 1315 968 nondesinunt
1327 908 1478 980 preconari.
1490 909 1617 964 coctum
1627 903 1807 962 adamnan
1815 905 1921 978 dissipat:

281 1005 400 1054 suestram
412 997 464 1054 sibi
480 1011 529 1068 pro
543 997 668 1070 passione
679 995 790 1068 deputet
810 1015 819 1056 a
838 1001 866 1054 el
877 1003 937 1053 rota
952 1011 1003 1067 pro
1015 1010 1074 1054 san·
1125 1001 1196 1072 quod
1211 1014 1227 1056 a
1241 999 1421 1058 sanctissimis
1435 995 1598 1070 lirginibus
1615 994 1750 1052 vendtmr
1763 994 1856 1055 lotum.
1868 999 1919 1070 Qud

281 1087 372 1159 guinc.
396 1086 433 1156 ri.
449 1085 546 1142 tmen.
1125 1091 1310 1149 crudelitatem
1336 1105 1413 1148 strant
1426 1088 1553 1163 gebenna
1580 1087 1705 1160 parabat
1723 1088 1922 1180 effiureadatnin·

317 1177 378 1234 Μία
393 1175 495 1233 Orode·
511 1175 661 1234 renitentia
676 1183 781 1234 illerum
801 1175 915 1234 Domine
929 1175 1074 1248 limitum
1125 1183 1233 1240 cendio.
1245 1183 1318 1240 'iniis
1334 1183 1461 1238 atrocitas
1483 1181 1609 1238 rcrttme
1631 1177 1791 1236 devincitur
1805 1195 1814 1235 a
1827 1181 1864 1237 sic
1882 1181 1920 1239 ia·

281 1270 358 1327 lusto
369 1281 396 1327 et
407 1269 502 1328 liuline
516 1270 636 1327 solennia
650 1270 817 1328 celebrantes
839 1285 847 1327 :
867 1283 919 1344 que
934 1271 1075 1327 mercimo·
1126 1273 1299 1331 militascum
1313 1274 1439 1346 superbia
1452 1273 1579 1330 dimicat.
1597 1265 1638 1327 iit
1660 1275 1799 1342 martyres
1817 1287 1922 1346 quaspn

281 1361 327 1418 nio
341 1361 459 1419 dctilium
473 1359 645 1420 uasculorum
665 1371 821 1435 contempto
841 1378 850 1420 a
871 1375 955 1434 usque
970 1361 1075 1434 passio·
1126 1363 1337 1420 conlractionem
1350 1361 1673 1421 rascuinrnmdiabolos
1683 1361 1922 1422 condemnassccre

282 1455 325 1513 nis
338 1465 493 1512 meruerunt
515 1455 628 1526 gloriam
654 1457 804 1528 pura-antra.
825 1455 865 1514 'ie
878 1454 993 1514 acclives
1015 1471 1076 1514 ora·
1126 1455 1208 1514 debat
1223 1475 1230 1512 :
1244 1455 1361 1529 perlecta
1375 1455 1619 1514 consummatione
1638 1453 1766 1528 nrartyrii
1780 1456 1872 1513 celeste
1889 1473 1922 1514 aa·

283 1563 343 1605 mus
363 1564 373 1605 a
392 1557 420 1604 ut
434 1563 484 1619 per
503 1561 549 1606 cas
561 1545 632 1620 apud
648 1555 674 1604 te
695 1557 786 1604 nostra
800 1545 946 1620 accipiatur
967 1546 1074 1605 oratio:
1126 1561 1208 1618 gruum
1228 1545 1378 1604 obtinuisse
1390 1553 1402 1583 ⁰
1416 1554 1565 1620 gemescat.
1585 1545 1671 1604 iinalc
1686 1547 1851 1616 mapcstmcm
1864 1555 1921 1604 tuan

283 1653 396 1709 quarum
410 1648 438 1695 to
451 1638 630 1698 ietatnsesdc
643 1639 789 1712 triumpho.
799 1639 853 1698 Por
864 1654 911 1698 aas
920 1637 1076 1698 evincamus
1126 1635 1209 1693 Pater
1229 1635 1352 1708 piissime
1376 1635 1544 1709 postauam
1563 1653 1571 1691 a
1591 1643 1622 1693 ut
1642 1633 1868 1709 quemadmodum
1880 1639 1920 1693 illis

282 1729 436 1799 cupiditatis
461 1728 583 1787 incendia
605 1745 615 1787 a
641 1743 689 1801 per
712 1729 871 1806 quasm
886 1729 943 1804 ipse
967 1731 1075 1789 tortoris
1129 1731 1157 1788 in
1170 1729 1365 1802 congressione
1378 1727 1512 1801 passionis
1525 1728 1642 1786 donasti
1653 1729 1834 1786 constentiam
1847 1731 1920 1789 :itaet

284 1817 437 1876 *evincisti
459 1828 590 1878 tormenta
612 1835 621 1877 s
640 1822 759 1895 ipsisque
776 1837 826 1879 nos
846 1823 1076 1881 intercedentibus
1090 1803 1115 1866 Β
1128 1837 1178 1879 nos
1200 1822 1275 1879 vitiis
1298 1820 1450 1879 carnalibus
1473 1819 1604 1892 expiatos
1629 1817 1720 1878 iacias
1745 1821 1919 1894 perrenircad

282 1911 388 1982 corrige
409 1927 418 1966 a
436 1927 550 1984 quarum
566 1923 592 1971 ta
604 1915 734 1973 rictorem
745 1915 886 1974 ostendisti
897 1915 924 1972 in
939 1917 1074 1988 passione.
1126 1913 1223 1986 gaudia
1239 1913 1414 1986 sempiterna.
1435 1911 1490 1970 Per
1504 1912 1650 1970 Christum
1665 1911 1713 1970 cni
1733 1913 1828 1971 merito
1844 1929 1919 1970 omno

283 2003 318 2061 llt
340 2019 392 2076 qua
415 2005 463 2062 tibi
485 2020 533 2076 per
555 2006 666 2078 gloriam
689 2007 844 2066 meritorum
868 2007 989 2067 :edecta
1014 2019 1077 2067 suot
1126 2003 1221 2075 togati
1236 2020 1291 2062 non
1310 2011 1422 2062 cessant
1443 2006 1561 2062 ciamare
1578 2019 1587 2058 :
1603 2005 1644 2061 ita
1664 2002 1800 2061 dieentes.
1820 2003 1917 2061 mssa

281 2094 482 2153 ramrirtuturn
503 2114 512 2154 s
531 2111 749 2170 unumquemque
758 2100 959 2171 nostrumapud
971 2110 997 2158 te
1006 2101 1077 2158 obti·
1126 2101 1197 2150 tiit·

281 2197 345 2247 neat
359 2201 406 2246 uas
426 2203 503 2245 suum
518 2188 619 2262 absque
639 2189 801 2263 contagione
822 2191 960 2262 possidere
982 2205 1075 2265 pecsa-
1162 2179 1227 2240 ΡΜ
1242 2181 1365 2241 δακεῖν·
1380 2181 1451 2242 Vero
1470 2192 1583 2243 nocito
1601 2201 1609 2240 τ
1628 2197 1702 2243 vere
1715 2183 1864 2243 benedictos
1876 2183 1916 2241 io

282 2277 393 2333 nrinnm.
417 2277 456 2348 d.
470 2280 566 2334 Amen.
1125 2273 1215 2330 mittun
1228 2283 1322 2331 noster
1335 2272 1417 2332 iesus
1438 2275 1562 2332 ebriatus
1576 2275 1655 2332 iilius
1670 2284 1745 2332 tuns.
1760 2276 1842 2344 Quem
1854 2289 1914 2332 matt

316 2365 380 2422 Post
393 2367 507 2422 nomina.
521 2365 622 2424 oratio.
633 2366 706 2427 Deus
718 2371 763 2442 qui
778 2383 828 2428 nos
851 2386 899 2442 per
916 2369 1074 2444 Apostolum
1128 2363 1250 2436 viminea
1266 2363 1342 2422 dotia
1362 2375 1391 2423 et
1403 2363 1499 2422 Rudas
1516 2365 1598 2424 :tite
1610 2365 1745 2436 operibns
1758 2367 1851 2436 pariles
1863 2383 1870 2418 :
1880 2381 1914 2422 ro·

283 2466 357 2514 tunm
372 2474 379 2510 :
398 2458 513 2528 propriis
526 2457 650 2515 manibus
662 2459 761 2517 rictum
775 2475 889 2532 querere
908 2461 1050 2535 precepisti
1066 2481 1073 2520 a
1125 2456 1222 2528 niaque
1235 2457 1369 2529 passionis
1384 2458 1623 2516 consummatione
1640 2457 1750 2517 ieiices.
1765 2455 1803 2514 Er
1818 2459 1859 2513 illo
1871 2455 1879 2497 t
1890 2472 1912 2514 sc

246 2603 248 2610 s
283 2546 442 2605 Sanctarum
459 2557 564 2604 tuarum
578 2547 654 2607 iuste
667 2560 695 2606 et
708 2547 803 2608 iiudue
818 2551 940 2623 precibus
951 2554 1076 2624 spiritua·
1125 2557 1222 2621 questu
1243 2547 1367 2621 pertenui
1381 2547 1502 2607 dctiiium
1517 2551 1700 2608 saeculorum
1715 2568 1722 2606 :
1737 2551 1876 2606 resticmnt
1891 2551 1911 2604 in

282 2637 336 2696 iem
350 2637 428 2696 nobis
448 2638 564 2697 attribue
578 2639 699 2697 rictum:
722 2647 750 2698 et
770 2641 954 2714 quotidianum
974 2643 1017 2714 pie
1030 2645 1076 2700 mi·
1125 2655 1244 2715 paupere
1257 2659 1265 2698 a
1280 2641 1450 2715 collegerunt
1473 2643 1500 2700 in
1525 2643 1639 2717 bospite
1664 2661 1673 2700 a
1697 2643 1826 2700 satiarunt
1846 2643 1867 2696 in
1883 2639 1911 2696 si-

283 2729 428 2788 serationis
441 2731 601 2788 subsidium.
614 2730 649 2789 ilt
672 2733 705 2789 be
721 2731 845 2804 ilirgines
858 2747 910 2808 que
923 2735 978 2792 suis
991 2734 1076 2792 mani·
1126 2733 1219 2792 tientn
1240 2733 1284 2792 Sit
1306 2733 1387 2805 igitur
1400 2733 1440 2792 iili
1460 2734 1570 2790 itoncra
1589 2743 1620 2792 ct
1640 2732 1778 2791 indelessa
1793 2721 1910 2788 laudatio:

281 2817 333 2876 bor
342 2826 370 2876 et
380 2820 487 2890 proprie
501 2819 582 2877 saluti
593 2838 599 2876 :
609 2831 636 2878 et
646 2821 791 2896 indigentie
803 2825 956 2895 provisores
965 2825 1075 2896 inopum
1125 2825 1171 2898 qui
1183 2825 1279 2883 borum
1293 2839 1435 2882 munerum
1449 2823 1596 2898 inspirator
1610 2835 1656 2885 est
1678 2826 1782 2898 pariter
1794 2833 1818 2882 ct
1838 2837 1909 2878 susas·

281 2911 428 2968 extiterunt
451 2931 457 2966 ι
482 2913 538 2970 ruis
561 2911 694 2986 suliragiia
712 2924 766 2973 tam
789 2917 938 2976 sinentibus
961 2937 968 2974 :
993 2934 1074 2992 quant
1126 2927 1197 2991 ptor.
1212 2915 1279 2973 cum
1294 2915 1353 2987 ipse
1375 2913 1419 2973 bis
1442 2929 1473 2974 se
1496 2930 1577 2986 egere
1597 2915 1835 2990 pronunciat:qui
1852 2913 1909 2968 salas

283 3001 418 3064 Muneris
433 3018 551 3078 congrua
565 3007 683 3065 remedia
697 3010 855 3082 largiantur.
873 3012 1021 3083 Mmen.
1126 3009 1177 3063 bed
1189 3005 1344 3064 hominibus
1356 3006 1497 3064 tribuenda
1509 3008 1635 3078 inspirat.
1653 3008 1715 3080 ipse
1727 3007 1821 3080 ollone
1830 3007 1906 3059 'tw

317 3095 359 3151 Ad
371 3111 470 3167 paoem.
486 3093 588 3155 Oratio.
603 3097 726 3158 Piisslme
745 3100 900 3174 redemptor
913 3114 941 3161 et
952 3103 1075 3163 conditor
1126 3097 1273 3170 inspirator
1287 3115 1294 3154 a
1310 3098 1373 3154 dum
1389 3097 1433 3155 bic
1453 3097 1481 3156 itt
1495 3098 1628 3156 membris
1651 3099 1711 3156 suis
1736 3097 1778 3168 pie
1790 3093 1907 3152 relatur:

282 3186 409 3245 univerae
421 3188 510 3245 carnis
525 3205 532 3243 :
545 3188 591 3261 qui
606 3190 731 3260 patientia
747 3200 852 3250 tuarum
868 3193 1005 3268 virginum
1029 3164 1111 3254 amc
1129 3187 1228 3245 donata
1242 3187 1408 3244 donantibus
1430 3195 1492 3258 post
1506 3188 1651 3262 multiplici
1676 3187 1771 3244 tentus
1785 3201 1792 3240 ε
1806 3199 1833 3240 sc
1845 3183 1905 3237 reti·

284 3277 350 3350 tiqui
375 3279 460 3336 bostis
483 3279 633 3338 contrivisti
653 3281 799 3356 impulsum
816 3301 823 3340 :
839 3285 885 3356 qui
899 3287 1078 3359 predictarum
1129 3279 1229 3338 boellio
1254 3277 1378 3352 imilit-
1405 3277 1528 3338 Chrltltte
1556 3279 1693 3338 Dominus
1720 3291 1752 3335 ει
1778 3274 1906 3342 “dimili

282 3368 422 3442 ilirgirmm
446 3371 600 3428 societatem
620 3373 729 3432 turbere
749 3388 782 3432 et
801 3375 984 3435 confractione
997 3391 1079 3436 ausus
1129 3380 1250 3430 eternus.

282 3469 328 3519 eet
340 3461 521 3518 cuculorum.
537 3461 611 3519 iiona
624 3463 703 3521 uoltis
715 3449 725 3518 ἰ
740 3473 769 3522 ot
792 3463 965 3524 immobiliter
984 3467 1012 3524 itt
1030 3483 1079 3526 no·
1168 3460 1230 3518 Post
1242 3460 1335 3533 pridie.
1353 3459 1454 3517 Oratio.
1468 3459 1509 3518 oo
1520 3459 1654 3517 bonorem
1671 3455 1804 3532 passionis
1817 3447 1904 3508 lamiis·

282 3551 629 3616 strircordibnsradicatus
645 3571 652 3608 ε
671 3553 874 3613 intirmanostrl
886 3555 1078 3627 eorporisvasa
1129 3567 1189 3610 rum
1209 3560 1314 3610 tuarum
1338 3551 1416 3611 iuste
1432 3561 1462 3610 ct
1482 3550 1579 3609 bolino
1601 3569 1608 3607 a
1631 3550 1685 3609 itas
1700 3548 1748 3606 tibi
1762 3547 1827 3603 boas
1844 3541 1905 3598 Pate

283 3641 361 3701 lortia
376 3642 423 3702 tibi
436 3659 484 3715 per
498 3643 637 3701 charitatis
651 3659 731 3717 opera
744 3661 928 3719 preparemus
945 3648 1004 3719 Quo
1016 3650 1078 3708 nui·
1129 3643 1231 3703 bordas
1254 3643 1423 3702 itnmoiatttet
1444 3662 1451 3701 :
1474 3657 1614 3715 precamur
1638 3661 1646 3699 ι
1670 3651 1699 3700 nt
1718 3640 1819 3698 iliarum
1840 3636 1904 3688 inter·

283 3735 317 3795 iis
332 3737 391 3795 elisi
403 3738 500 3808 jaculis
513 3739 680 3797 adversantis
696 3757 703 3794 ι
720 3741 871 3814 indisrupte
893 3751 1000 3801 utamur
1020 3759 1079 3804 mu·
1130 3741 1213 3791 ”⁰¹¹¹
1230 3751 1238 3788 ¹
1253 3748 1307 3804 ill¹⁰
1320 3747 1353 3791 ³0
1367 3734 1416 3791 ¹¹¹³!
1439 3747 1503 3791 '³⁸²
1523 3733 1704 3792 numism·
1727 3729 1902 3788 ‘iiiii‘mfl

284 3826 393 3885 neribus
407 3827 489 3898 pacis.
504 3826 691 3901 despondetur.
708 3832 806 3888 imon.
1129 3827 1183 3886 boc
1203 3826 1253 3884 tibi
1275 3827 1395 3886 oblatum
1410 3828 1563 3886 sanctiones
1586 3827 1784 3885 holocaustum.
1799 3817 1901 3876 ereum

321 3915 430 3975 iolatio.
454 3917 567 3992 Dignum
587 3927 616 3977 et
635 3919 736 3992 lustum
754 3930 798 3979 est
822 3940 829 3977 :
855 3935 953 3996 equum
967 3937 1031 3984 sere
1051 3935 1079 3985 et
1128 3919 1294 3992 supplicibus
1314 3919 1392 3976 nobis
1415 3936 1422 3975 ι
1445 3928 1476 3976 nt
1494 3931 1607 3990 quarum
1630 3912 1806 3975 mercimonio
1821 3905 1900 4004 dudum

285 4006 403 4069 salutare
418 4017 460 4064 est
475 4026 482 4063 :
500 4023 549 4066 nos
564 4009 611 4066 tibi
627 4013 771 4068 immensas
784 4025 864 4084 agere
881 4015 981 4088 gratias
992 4017 1079 4074 omni·
1129 4010 1235 4068 saciasti
1258 4009 1374 4082 inopiam
1397 4026 1404 4064 :
1430 4023 1576 4082 pauperum
1598 4009 1695 4066 barum
1711 4017 1787 4079 prece
1803 4007 1852 4057 rata
1863 3991 1891 4048 ub

285 4108 382 4174 potent
403 4098 520 4156 Trinitas
543 4099 622 4158 Deus.
638 4101 688 4170 Qui
712 4101 845 4176 iiartyres
861 4111 919 4160 tuas
933 4103 1036 4162 iustam
1051 4115 1080 4165 et
1129 4101 1230 4163 nboss
1240 4111 1301 4160 tota
1318 4101 1437 4160 iidclittm
1452 4100 1624 4174 populorum.

284 4191 410 4250 Rudnnm
426 4209 432 4247 :
453 4193 552 4250 uictum
563 4191 614 4250 sibi
625 4191 699 4251 lictili
711 4196 873 4254 commercio
886 4197 1054 4269 requirentes
1070 4217 1076 4256 :
1170 4194 1209 4264 ii.
1224 4195 1323 4251 Arnen.

288 4285 440 4346 iaciendis
460 4289 592 4347 idolorum
617 4289 793 4348 monstruosis
817 4289 1028 4363 dissipatisque:
1050 4291 1077 4350 in
1165 4284 1248 4358 m
1262 4285 1303 4339 M
1317 4285 1457 4339 molitiem
1471 4281 1643 4338 ”mmm

286 4383 417 4440 ironorcm
430 4383 557 4441 sanitatis
566 4381 656 4440 oderri
667 4383 719 4441 sibi
732 4385 868 4456 proposita
880 4385 1076 4456 perurgebant:
1166 4375 1219 4432 Fid
1232 4381 1382 4431 boioieflte
1390 4371 1461 4429 θέω
1475 4381 1522 4428 ²¹¹¹
1532 4371 1853 4442 liubili'lssiliiffiimm‘
1865 4361 1896 4454 Ψ

256 4467 260 4476 ’
285 4489 319 4530 co
332 4489 416 4547 usquc
426 4474 459 4531 ad
470 4475 730 4534 consummationem
739 4475 860 4548 martyrii
871 4473 1034 4547 perduxisti:
1049 4483 1079 4531 ut
1129 4483 1209 4526 snum
1232 4467 1259 4525 in
1286 4467 1388 4524 botrore
1409 4475 1437 4523 et
1458 4464 1670 4523 sanctificatione
1692 4457 1820 4535 possideat
1839 4457 1895 4552 :qn

286 4564 358 4620 nulia
368 4565 519 4623 insultantis
527 4575 635 4624 caterua
644 4568 807 4638 procacitate
820 4567 942 4623 turbato:
954 4565 1079 4636 nullaque
1092 4533 1121 4600 ⁰
1135 4560 1258 4635 traginas
1272 4569 1332 4618 tuas
1344 4561 1449 4616 iustam
1463 4567 1491 4618 et
1505 4558 1629 4616 iiudnam
1640 4573 1676 4614 es
1688 4559 1781 4628 questu
1797 4541 1894 4604 ietilml

286 4655 434 4713 italestantis
449 4666 462 4698 ⁸
477 4656 604 4730 principis
627 4658 767 4716 lenocitate
789 4657 891 4715 mollite
916 4665 1079 4730 :postremo
1134 4654 1304 4713 rascniorunt
1326 4652 1460 4724 passionis
1484 4649 1631 4724 perduxisti
1654 4649 1688 4705 ad
1713 4643 1815 4720 gloriam
1834 4641 1894 4732 :lli

286 4759 336 4800 ncc
359 4744 424 4815 ipsis
447 4759 575 4818 petrarum
599 4747 784 4804 atrocitatibus
808 4747 891 4806 lracte
912 4766 919 4802 ι
942 4756 969 4805 te
987 4763 1078 4806 terunt
1133 4745 1284 4805 emundatis
1298 4741 1469 4802 conscientiis
1493 4741 1527 4798 ad
1544 4751 1571 4800 te
1589 4741 1807 4814 proeiamctttttte
1826 4735 1892 4782 Μ’*

288 4835 372 4890 licum
388 4838 491 4908 integra
506 4835 675 4894 conictsione
696 4839 836 4895 &mando
850 4837 933 4896 iniula
948 4839 1080 4912 passionis
1133 4835 1325 4895 Paternnrter.
1644 4858 1647 4865 ·
1848 4903 1853 4918 Ι

285 4933 379 4982 ornate
395 4941 402 4980 a
418 4925 508 5000 regnis
530 4924 674 4984 edentibus
688 4925 875 5002 iungerentur.
899 4929 1024 5002 iiagnum
1038 4939 1078 4990 ast
1172 4929 1247 4987 oen
1265 4925 1357 4986 Patri.
1371 4924 1513 4984 liumiliate
1526 4939 1575 4982 tos
1596 4917 1781 4982 benedictioni.
1792 4912 1892 4969 onnam

286 5013 375 5084 itaque
397 5021 461 5072 ante
483 5015 634 5086 passionem
651 5017 810 5075 miraculum
827 5001 882 5091 jam
895 5021 1079 5092 premissum:
1132 5021 1168 5076 sit
1181 5033 1288 5087 semper
1297 5015 1445 5075 nobiscum.
1468 5015 1506 5086 ri.
1521 5017 1554 5073 Et
1567 5030 1629 5072 com
1640 5015 1742 5086 spiritu.

286 5105 478 5176 lraugebantnr
500 5105 592 5178 itaque
615 5123 681 5166 vasa
694 5109 784 5168 flatilia
806 5113 890 5184 :quia
908 5113 1017 5171 celestia
1031 5129 1080 5186 per
1168 5109 1325 5166 beneolens.
1347 5107 1471 5165 cbristus
1484 5109 1611 5164 Domino!
1634 5123 1683 5164 ιο·
1695 5105 1742 5164 tibi
1756 5093 1836 5172 plauit
1847 5079 1890 5140 ‘m'

287 5199 440 5272 passionem
455 5195 617 5271 parabantur
631 5203 766 5261 immutari
781 5203 927 5274 iiartprnm
947 5206 1077 5263 membra.
1132 5203 1185 5260 ciat
1202 5215 1265 5258 rasa
1286 5219 1293 5255 a
1313 5200 1358 5272 qni
1379 5199 1481 5256 tunm
1504 5209 1532 5256 et
1555 5197 1677 5256 ttuttmm
1700 5185 1828 5254 sibicllcil
1842 5181 1887 5229 ¹²¹¹

288 5289 347 5347 Non
362 5289 411 5347 luit
428 5294 575 5363 temporale
588 5295 778 5351 commercium
796 5313 803 5349 ι
818 5296 866 5352 sed
882 5293 980 5352 Christi
996 5309 1078 5368 nego·
1133 5293 1319 5350 nanatdisuima.
1348 5291 1387 5362 ri.
1408 5293 1503 5349 amata.
1516 5291 1621 5362 Quique
1634 5291 1693 5347 iilaa
1706 5299 1755 5346 uott
1766 5283 1845 5353 pastos
1857 5267 1888 5320 cti

288 5383 355 5441 tium
369 5399 419 5454 per
430 5383 500 5455 quod
517 5393 625 5455 possent
636 5396 829 5444 emeresancte
838 5385 968 5458 iiartprcs
980 5386 1079 5444 celant.
1133 5385 1168 5444 de
1179 5384 1301 5442 iictiiiurn
1317 5384 1486 5440 uasculorum
1502 5384 1630 5440 lractione
1651 5376 1745 5440 uisum
1762 5363 1885 5432 :lilim

326 5571 340 5598 ⁸
350 5561 484 5618 Eoinctrti.
499 5561 570 5636 Lege
585 5563 692 5618 evicisti.
1173 5574 1184 5604 t
1203 5559 1343 5630 Principis.
1359 5557 1450 5626 Forte,
1467 5561 1596 5631 proetidle.

325 5631 340 5670 l
354 5633 494 5708 Nelundir.
509 5633 589 5690 Forte
609 5633 739 5705 (arsendis
753 5631 882 5687 idolorum
896 5633 1016 5689 monstris
1028 5635 1083 5688 dis·
1170 5634 1183 5672 ‘¹
1202 5631 1280 5686 Petra.
1294 5631 1365 5700 Lego
1379 5645 1469 5700 pene.

290 5703 389 5768 tiputis,
405 5721 462 5758 cunt
476 5706 503 5758 r'rr
531 5705 651 5760 bonorem
671 5704 792 5759 sanitatis
805 5703 899 5772 efferre
914 5705 1004 5776 stipem
1017 5719 1081 5778 pro·
1172 5701 1339 5757 οιῖειιιιιειιι.
1354 5699 1424 5771 Lego
1438 5700 1568 5774 pemt’toel.

290 5776 378 5840 posita
395 5789 473 5846 paens
485 5775 701 5848 perungebantur)
716 5789 746 5830 eo
763 5789 853 5844 usqne,
867 5782 920 5828 etc.
1174 5767 1183 5809 ¹
1200 5769 1246 5828 Sa.
1262 5771 1330 5842 begs
1341 5779 1374 5829 te.
1435 5779 1443 5790 ’
1475 5790 1477 5795 ·
