3908 6312
253 349 323 408 troo
674 319 1074 397 nncnrnuncoltotono.
1096 335 1186 394 runs
1206 313 1487 397 ri.-dnnuttit.
1822 335 1895 402 req,

254 479 280 525 et
293 467 396 539 reliqua
408 477 490 522 matrs
505 463 614 536 propriu
626 461 777 534 descripsit.
796 459 873 528 Quod
885 459 981 514 deinde
994 459 1176 532 opoqraplrum
1185 459 1262 530 justa
1273 461 1360 532 pretia
1371 460 1490 517 uendidit
1505 457 1548 516 Cl.
1567 457 1599 515 V.
1616 459 1727 518 Cousin.

290 566 397 622 interea
411 563 537 634 temporis
554 559 686 618 AEmilius
699 559 798 616 Gaelset
809 557 905 630 lielqo,
920 559 959 613 rei
972 557 1196 630 paluoqroplticar
1210 574 1264 614 nan
1278 559 1425 630 infaustam
1435 559 1504 614 dans
1521 574 1640 630 opernm,
1663 563 1798 616 uniuersas
1814 563 1890 620 illius

253 659 353 715 codicis
366 667 456 730 partes
470 657 605 730 esposuit,
618 656 772 728 primusque
785 653 893 710 initium
906 649 1044 709 dictaret
1059 653 1190 725 epistolar,
1206 653 1272 726 ipsis
1288 655 1392 726 ltqntnis
1405 655 1585 728 proconissum,
1604 673 1665 711 cum
1685 659 1796 717 eruditis
1817 677 1890 716 cost-

254 753 400 809 mnoicaoit
414 739 467 826 (1)ss
481 753 563 808 simul
579 751 706 808 nuntians
725 749 768 808 et.
785 747 818 807 V.
835 749 935 806 cousin
950 749 1128 822 postulasses
1139 751 1269 825 quiernio
1282 749 1587 826 Belqicoiirucellenses
1601 755 1769 813 memlronas
1779 759 1888 830 quilius-

253 869 313 908 sum
326 851 436 908 OElucri
450 851 582 923 conlerret
596 849 787 922 apcqraplrum.

289 948 341 1004 llic
353 949 433 1018 enirn,
449 966 531 1023 quum
544 965 639 1006 nouom
653 947 791 1004 dloelordi
804 945 920 1020 Operum
934 945 1074 1004 moliretur
1085 947 1240 1018 editionem,
1255 949 1355 1022 «officii
1368 950 1411 1006 sui
1428 957 1504 1006 ratus
1515 959 1573 1006 erat
1592 949 1692 1004 codicis
1705 947 1887 1008 Bruxeliensis

253 1047 334 1104 ueluti
349 1047 493 1118 imaqinem
504 1047 649 1118 quamdam
664 1046 820 1118 fidelissime
839 1043 958 1114 reddere,
973 1061 1054 1119 quum
1065 1063 1131 1118 opus
1145 1046 1214 1104 illud
1228 1048 1346 1104 nondum
1361 1047 1456 1120 suisset
1469 1047 1581 1103 editum.
1599 1064 1609 1100 s

289 1146 374 1218 Atque
389 1146 444 1200 nae
461 1143 521 1214 lom
538 1143 640 1216 aliquot
656 1158 739 1198 amoos
757 1141 842 1198 lucem
862 1143 927 1198 uidit
946 1142 1040 1212 editis,
1058 1159 1140 1216 quam
1160 1145 1373 1214 accuratissime,
1395 1143 1421 1201 si
1443 1143 1601 1216 praelationi
1618 1143 1725 1200 credere
1742 1144 1789 1212 sit,
1805 1144 1885 1215 juata

252 1247 452 1304 Bruxellensem
478 1242 594 1299 codicem
617 1249 784 1313 comparata.
808 1245 817 1292 i
841 1238 981 1311 Perpauca
1003 1249 1115 1310 tontum,
1128 1243 1178 1312 [ait
1204 1242 1240 1298 cl.
1261 1233 1360 1311 editor,
1380 1243 1552 1310 mutacimus,
1567 1240 1613 1297 ulti
1631 1249 1725 1312 operta
1750 1244 1886 1314 scriptura

253 1345 320 1399 nitio
334 1339 516 1404 occurrebant,
530 1337 614 1392 uariis
630 1335 712 1390 etiam
725 1332 884 1415 lectianilus
895 1333 925 1388 in
933 1341 1010 1405 parte
1020 1333 1180 1406 popinarum
1191 1333 1320 1405 inferiore
1331 1333 1492 1404 subjunctis.
1510 1345 1520 1386 s

293 1433 383 1506 Neque
394 1431 469 1488 nolis
491 1429 561 1484 olias
576 1428 645 1500 leqes
657 1427 867 1497 praestituimus,·
879 1425 925 1482 sed
943 1426 1096 1482 curorlmus
1111 1425 1166 1481 alio
1177 1441 1223 1482 eus
1236 1423 1375 1481 olrserrore
1386 1424 1476 1480 ruodo.
1492 1423 1624 1492 Quocirca
1634 1439 1717 1496 quum
1730 1423 1886 1483 Bruxellen-

256 1533 294 1587 sis
308 1533 390 1586 coneo
404 1529 499 1600 ulique
518 1523 614 1580 ialeot
626 1523 734 1592 edunt,
748 1522 878 1590 scelestis,
893 1531 957 1592 etc,
969 1521 998 1576 id
1011 1537 1063 1577 nonu
1076 1521 1240 1578 mutalirnss
1257 1521 1285 1576 in
1304 1521 1417 1590 ciuium,
1433 1519 1566 1582 coeleutis.
1586 1518 1623 1576 lie
1634 1522 1739 1594 quidem
1755 1540 1830 1591 nera,
1845 1529 1884 1580 at-

254 1627 387 1682 ctionoria
402 1623 505 1696 aliquot
522 1623 616 1680 docent
630 1621 731 1680 ciuium
744 1621 912 1678 scribendum
929 1637 996 1688 esse,
1012 1621 1090 1690 quasi
1105 1622 1185 1678 radic
1202 1619 1283 1693 hujus
1295 1621 1418 1682 noesluii
1433 1630 1502 1678 esset
1519 1619 1642 1680 Grucum
1659 1626 1764 1690 sallom
1776 1627 1823 1682 sed
1838 1645 1885 1682 nos

256 1735 346 1796 putent
359 1738 450 1778 eorum
465 1719 654 1776 anctoritatem
667 1727 770 1774 tantam
783 1733 840 1772 esse
854 1727 883 1773 ut
897 1716 1042 1788 prooaleot
1059 1717 1255 1789 antiquissimis
1269 1717 1448 1773 monumentis
1458 1715 1574 1788 lapideis
1593 1724 1620 1772 et
1642 1721 1820 1790 perqarnenis,
1839 1739 1885 1776 non

254 1819 361 1876 Latirois
374 1828 489 1886 tontum,
497 1833 586 1874 nerunt
600 1817 681 1873 etiam
691 1815 802 1882 Graecis,
810 1815 837 1870 in
848 1813 943 1888 quillus
953 1831 979 1870 n.
992 1831 1019 1886 q.
1030 1811 1149 1870 itacismi
1161 1810 1264 1896 ouandi
1275 1817 1357 1870 causa
1372 1815 1516 1878 utimini:
1528 1813 1638 1885 dicitur,
1653 1816 1700 1886 qui
1709 1814 1839 1873 Romanis
1851 1833 1886 1876 est

255 1917 428 1974 Caelestinus.
445 1915 577 1972 Similiter
590 1930 693 1969 necesse
708 1929 759 1968 non
773 1914 893 1968 arlitror
906 1911 1062 1967 uocabulum
1072 1911 1156 1968 ceteri
1173 1911 1404 1984 (quemadmodum
1422 1911 1450 1966 in
1463 1911 1552 1968 codice
1563 1910 1690 1967 scribitur
1705 1921 1817 1988 semper)
1830 1937 1884 1974 m.

254 2021 313 2065 tare
325 2010 354 2063 in
368 2007 476 2077 cateri3
492 2027 545 2066 nan
557 2011 628 2066 nonu
641 2020 766 2083 apertum
777 2013 923 2083 scripturus
934 2009 1035 2065 unium
1049 2008 1181 2080 appellari
1196 2013 1281 2080 potest
1298 2007 1327 2063 id
1346 2007 1380 2064 de
1392 2010 1608 2081 quaetiamnum
1622 2008 1735 2082 litiqast
1753 2031 1883 2086 mamone.

255 2107 313 2162 tici.
338 2105 411 2162 ldent
422 2107 536 2164 dicerim
551 2108 583 2163 de
599 2125 659 2164 noce
674 2109 810 2175 seculum,
828 2107 898 2179 quod
913 2107 941 2162 io
961 2107 1092 2163 saeculnm
1117 2106 1271 2162 uertendum
1289 2106 1431 2161 aestimarit
1447 2105 1489 2164 ct.
1510 2105 1541 2164 V.
1559 2106 1676 2174 cassim·
1694 2125 1758 2164 sane
1771 2126 1880 2164 commu·

254 2203 314 2257 otius
327 2202 418 2258 dicere
429 2201 541 2260 Rononni
553 2216 650 2261 ueteres
663 2205 805 2272 soeculum,
821 2203 890 2276 quod
905 2213 930 2258 et
943 2203 1030 2260 Grreci
1045 2201 1182 2260 auunculus
1197 2204 1343 2271 scripsere:
1357 2211 1536 2258 cerumtamen
1545 2203 1619 2273 luere
1631 2207 1678 2273 qni
1690 2222 1738 2277 pro
1762 2209 1880 2262 seculuro

253 2302 408 2370 puqnoriut,
424 2303 550 2358 ariitsuti
565 2303 593 2357 id
605 2302 762 2358 nocalulum
775 2321 791 2357 o
803 2315 947 2360 senescere
959 2301 1115 2369 deductum,
1126 2297 1166 2354 nsi
1183 2315 1200 2353 a
1220 2311 1315 2358 secure
1332 2316 1339 2354 :
1360 2300 1478 2356 ridicula
1502 2303 1594 2374 utique
1615 2303 1754 2364 densatim·
1769 2303 1878 2356 sednon

253 2395 286 2450 de
296 2412 338 2464 eo,
353 2413 442 2452 nerum
454 2399 487 2455 de
497 2401 568 2454 racis
584 2401 709 2455 secttlunt
724 2399 916 2470 ortlraqraplriu
927 2397 970 2452 lic
983 2399 1124 2468 qtncritur.
1147 2396 1284 2452 Prteterea
1299 2397 1327 2452 in
1339 2397 1429 2450 codice
1447 2395 1616 2453 Bruxellensi
1638 2398 1724 2468 ulique
1734 2398 1872 2453 scileouni-

253 2501 308 2560 tus,
323 2494 465 2552 sollemnis
476 2495 588 2568 leqltur;
605 2513 664 2568 quoe
674 2498 702 2551 in
713 2497 885 2564 solemnitas,
900 2496 1042 2558 solemnis,
1057 2494 1186 2550 mutando
1199 2495 1257 2550 nisa
1269 2502 1332 2549 ourrt
1348 2493 1391 2549 Gi.
1408 2493 1440 2549 V.
1455 2493 1566 2550 Couslns
1589 2493 1714 2562 Equidem
1723 2497 1813 2550 iterum
1828 2512 1871 2548 as-

252 2604 338 2645 serere
350 2608 401 2646 non
412 2595 500 2650 ousint
514 2597 696 2666 sollemnitas,
713 2597 866 2662 sollemnis,
879 2611 935 2652 etse
947 2604 1040 2668 opertu
1056 2595 1201 2668 scripturae
1212 2596 1290 2654 vitiu.
1310 2595 1425 2664 Etenim,
1440 2607 1468 2652 ut
1479 2613 1512 2651 es
1526 2608 1638 2653 senatus
1652 2600 1804 2654 consulando
1816 2599 1877 2652 lco-

252 2689 410 2748 cltnnnlilus
421 2692 534 2768 aliisque
548 2695 742 2768 anitiquissiruis
757 2693 933 2750 monumentis
953 2703 1068 2762 constat,
1086 2710 1137 2748 noo
1151 2693 1270 2750 salelaut
1289 2693 1403 2749 liomanl
1424 2703 1520 2750 acures
1543 2694 1683 2766 duplicare
1701 2703 1877 2746 consonantes.

253 2785 351 2843 Postea
363 2791 433 2846 nlius
446 2809 509 2848 orsus
519 2793 650 2866 paulatim
664 2791 788 2858 irt'oaluit,
800 2771 881 2848 nullis
893 2799 981 2847 tarrten
994 2792 1074 2848 certis
1085 2791 1230 2848 observatis
1243 2790 1356 2864 loqutus.
1370 2790 1441 2847 liinc
1453 2791 1605 2862 factumest
1619 2801 1648 2844 ut
1661 2792 1710 2846 alii
1722 2791 1879 2864 qeuoiocrsnt

253 2893 427 2941 consonantes
441 2885 468 2941 in
482 2885 523 2942 lois
537 2887 633 2955 cerlis,
650 2887 701 2944 alli
711 2887 739 2942 in
751 2887 817 2944 illis.
832 2888 871 2943 lle
884 2885 1012 2944 nacnlnlo
1034 2887 1177 2945 sollemnis
1189 2889 1275 2944 multa
1291 2889 1461 2960 disputatio:
1478 2889 1604 2960 oroaloqiu
1625 2899 1715 2945 tarroen
1734 2887 1796 2940 lcuic
1815 2887 1880 2956 [aret

252 2978 358 3052 format,
369 2997 477 3056 comque
490 2985 638 3042 doctissimi
651 2987 822 3058 qrammatici
840 2986 995 3060 plerumque
1008 2997 1126 3042 tuentur.
1142 2986 1264 3055 Demum,
1280 2987 1378 3044 utalia
1392 2989 1476 3044 multo
1491 2997 1695 3059 preelercantur,
1711 2988 1880 3056 interciperis

255 3078 399 3148 scripturus
413 3078 478 3135 ritis
493 3082 586 3154 referri
598 3084 687 3154 nequit
701 3099 764 3140 cunr
781 3081 942 3154 conjunctio,
957 3097 1118 3159 quamquam
1133 3083 1174 3142 Cl.
1194 3070 1233 3141 Ὺ.
1248 3083 1348 3141 Gousin
1362 3095 1455 3141 contra
1467 3087 1547 3157 fidem
1567 3085 1666 3141 codicis
1687 3085 1785 3157 uirique
1801 3102 1880 3158 quaro

251 3173 419 3231 scribendum
439 3179 553 3234 censuit.
579 3179 775 3252 Antiquissima
796 3179 852 3235 ltoec
872 3180 970 3236 lterum
992 3179 1230 3252 qronorantleorum
1250 3182 1295 3238 lis.
1321 3179 1398 3239 Certe
1421 3191 1506 3254 quum
1526 3184 1646 3254 ejusdem
1669 3183 1782 3256 oriqiuis
1798 3195 1836 3239 est
1853 3201 1879 3240 sc

251 3273 373 3344 quando,
387 3272 447 3344 qui,
463 3275 537 3345 quis,
553 3287 624 3342 ctc.,·
639 3279 685 3332 sed
699 3276 728 3330 id
740 3287 791 3332 nort
812 3276 920 3347 firmum
942 3286 1138 3348 arqumentum,
1156 3293 1237 3352 quum
1261 3279 1486 3346 sicubiculicnbi,
1501 3281 1641 3350 alicunde,
1654 3292 1720 3348 etc„
1736 3283 1879 3338 strilaorst

251 3385 350 3424 amnes.
373 3370 497 3442 Adeoque
508 3371 537 3424 in
551 3371 647 3441 priscis
661 3371 838 3428 marmoribus
854 3388 917 3428 cum
934 3389 1008 3444 teque
1020 3371 1119 3446 leqitur
1130 3391 1163 3430 oc
1174 3391 1271 3448 quum.
1288 3365 1437 3433 Sultrliora
1453 3379 1575 3450 quosdam
1592 3381 1832 3452 qramnoaticorurn
1845 3385 1880 3436 in-

251 3466 327 3540 qeuia
345 3476 397 3522 tres
418 3467 520 3537 [armos
541 3469 706 3540 eccoqitassa
718 3483 797 3541 qum,
814 3483 878 3525 cunt
900 3479 925 3524 et
940 3484 1026 3540 quum
1041 3469 1116 3526 testis
1128 3479 1169 3527 est
1185 3471 1382 3541 Quintilianus,
1403 3491 1517 3547 quarum
1531 3476 1618 3544 primu
1640 3487 1756 3548 tempus,
1772 3479 1880 3534 secunda

251 3565 404 3632 comitatus,
417 3565 497 3620 tertia
510 3563 817 3636 siqttiqicaretarrausn:
829 3576 1009 3622 cerumtamen
1028 3567 1084 3637 ipse
1105 3567 1301 3637 Quintilianus,
1321 3587 1373 3626 nau
1390 3585 1465 3627 secus
1480 3587 1511 3626 nc
1532 3573 1614 3628 catlec
1628 3572 1825 3642 Bruxeliensis,
1839 3577 1879 3630 illo

250 3657 405 3713 discrimine
416 3663 467 3712 non
483 3658 615 3724 utelolur,
629 3657 725 3730 ulique
738 3657 856 3713 scrilrens
870 3673 945 3715 cunt.
961 3677 971 3713 s
987 3657 1145 3731 Frlqidiora
1159 3661 1201 3718 lois
1214 3661 1279 3727 ulio,
1295 3664 1382 3736 inquit
1397 3664 1466 3720 idem
1478 3669 1697 3738 qrnntmatirus:
1713 3681 1745 3724 ut
1760 3673 1876 3744 quidquia

253 3751 275 3808 C
294 3763 417 3824 quartam
434 3752 549 3820 liaberet,
561 3769 592 3807 ne
612 3753 776 3825 interraqore
789 3750 1001 3812 lis'rideremur.
1015 3757 1051 3812 Et
1071 3760 1205 3830 quotidie,
1226 3777 1278 3816 nan
1290 3761 1393 3820 c'otitlie
1407 3777 1416 3818 :
1431 3772 1460 3818 ut
1475 3765 1584 3836 sitqnot
1597 3765 1714 3822 diebus:
1728 3776 1812 3823 uersu
1826 3771 1871 3822 lec

247 3847 310 3920 q’om
321 3851 391 3904 inter
403 3849 474 3919 ipsos
488 3848 603 3918 ineptias
613 3858 786 3905 econuerunt.
800 3867 810 3903 r
835 3849 911 3908 Unde
923 3851 1004 3908 simul
1013 3862 1086 3923 patet
1099 3862 1228 3926 quantum
1242 3858 1367 3928 temporis
1383 3857 1460 3914 derret
1489 3871 1620 3914 certnnun
1632 3863 1834 3930 qromnsaticsn
1845 3863 1871 3913 tls

250 3945 374 4017 quotidie
383 3955 409 3999 et
422 3943 540 4000 cotidie:
550 3944 619 4015 quod
630 3943 725 3999 ultimo
733 3945 969 4004 animadvertimus
979 3947 1048 4016 loco,
1059 3953 1196 4024 quonium,
1209 3971 1289 4026 quum
1299 3955 1327 4010 in
1338 3957 1428 4012 codice
1437 3955 1607 4013 Bruxellensi
1616 3957 1877 4032 uliqneleqcturcat·

253 4043 329 4112 tidie,
343 4042 520 4112 cottidianus,
533 4040 562 4096 id
575 4041 604 4094 in
616 4043 749 4114 quotidie,
761 4043 940 4115 quotidianus
951 4047 1108 4102 mutandum
1118 4049 1203 4104 nisum
1214 4059 1254 4106 est
1266 4049 1308 4108 ct.
1327 4049 1358 4107 l'.
1369 4051 1479 4110 Cousirt.
1503 4051 1593 4108 llinm
1605 4067 1675 4109 recte
1683 4071 1694 4120 ,·
1711 4065 1877 4124 recenseatur,

248 4141 273 4196 ti
296 4139 378 4206 loiret,
390 4141 559 4200 cottidianus
574 4141 644 4198 inter
662 4141 735 4213 ipsas
754 4139 880 4211 ineptias,
896 4139 937 4196 nil
956 4141 1172 4214 repuqnoiiruus,
1189 4164 1351 4220 quamquam
1376 4147 1561 4216 Quintilianus
1576 4151 1646 4206 locosc
1663 4163 1756 4207 rontano
1772 4153 1879 4208 inureret

247 4237 446 4309 alterilormte,·
460 4237 484 4293 si
501 4237 677 4310 inrecupertu
692 4236 925 4308 scripturarius,
943 4238 1039 4295 durius
1062 4249 1129 4298 esset
1144 4239 1288 4310 iudicium.
1311 4242 1404 4317 licque
1415 4245 1524 4318 {duplex
1542 4255 1553 4302 t
1572 4247 1740 4319 culpandum
1761 4251 1878 4318 sereniss,

246 4356 327 4413 quunt
343 4337 467 4395 Catullus
482 4338 615 4406 cecinerit,
630 4337 712 4409 leqem
721 4337 861 4391 metricam
872 4333 939 4391 sotis
951 4345 1043 4391 natam
1057 4347 1165 4396 mestus
1180 4355 1193 4395 .·

461 4431 593 4508 Coniugis
611 4432 639 4489 in
665 4433 744 4505 culpa
760 4431 883 4504 flagravit
896 4430 1080 4503 quattidisns.

283 4527 336 4587 zet
348 4530 380 4584 de
394 4529 434 4585 luis
447 4529 600 4604 quisquiliis
612 4527 796 4602 qrammoticis
809 4525 876 4582 sotis
889 4541 1028 4597 superque.

283 4623 361 4696 Piqet
379 4625 476 4680 addere
488 4625 515 4680 in
529 4621 677 4694 majoribus
690 4631 889 4692 nonnumquam
902 4624 979 4675 relus
994 4617 1137 4690 cespitasse
1162 4617 1197 4674 cl.
1210 4619 1348 4688 editorem,
1361 4619 1447 4677 acriis
1458 4619 1591 4678 interdum
1609 4626 1728 4689 onilssis,
1745 4631 1879 4683 noc‘alrnlo·

246 4737 318 4789 runo,
329 4722 393 4792 quin
405 4720 486 4775 etiam
498 4735 621 4776 cernuum
635 4718 728 4776 ardine
741 4716 890 4790 aliquando
904 4715 1018 4782 inverso,
1034 4731 1090 4771 una
1101 4731 1162 4770 occe
1175 4715 1320 4772 tulstltutu
1333 4714 1424 4784 alteri,
1439 4723 1465 4772 et
1478 4717 1507 4772 id
1520 4733 1603 4790 qenus
1614 4723 1701 4780 aliis:
1715 4741 1783 4797 qnos
1802 4743 1878 4781 roaros

245 4820 281 4875 ad
296 4821 380 4874 imum
393 4818 537 4888 marqincm
554 4816 743 4882 indicarimus,
756 4815 871 4904 'quando
887 4830 973 4885 opera
987 4811 1120 4868 amettmr
1132 4811 1256 4884 pretium.

282 4908 447 4965 llutatlones
461 4906 531 4963 alins
542 4911 587 4964 nic
601 4923 653 4964 ann
666 4905 809 4978 molamus
824 4921 924 4962 omnes.
941 4904 1029 4971 qunt
1040 4903 1111 4959 enim
1125 4903 1154 4957 in
1168 4903 1338 4960 Bruxellensi
1353 4903 1443 4960 codice
1455 4905 1633 4980 dipitironqns
1650 4909 1683 4965 sia
1699 4913 1785 4967 litera
1796 4929 1811 4968 c
1822 4931 1879 4968 rao⁴

244 5007 311 5062 dota
323 5002 425 5076 passim
438 5002 584 5068 scrilatnr,
603 5004 694 5058 eudem
712 5003 889 5075 diplttltonqus
907 5012 977 5057 reete
990 5009 1096 5056 serrata
1109 5009 1149 5056 est
1164 5001 1209 5056 nli
1223 5002 1312 5057 cauda
1324 5001 1374 5058 illa
1390 5019 1408 5058 a
1423 5001 1536 5059 librario
1549 5007 1650 5061 omisso
1662 5009 1726 5078 [uit.
1747 5009 1878 5065 Procerus

245 5104 328 5159 codes
342 5118 395 5157 non
408 5100 481 5156 nouit
495 5099 686 5172 dipitlrnnqum
701 5115 738 5165 to,
761 5099 807 5156 red
821 5099 918 5172 uirique
931 5097 1008 5154 halet
1020 5096 1111 5167 indus,
1124 5113 1206 5170 penu,
1229 5097 1311 5169 cepit,
1327 5107 1397 5166 etc.,·
1415 5099 1518 5170 placuit
1533 5099 1577 5157 ct.
1597 5101 1627 5157 l'.
1651 5101 1752 5160 Cousiu
1769 5105 1878 5160 scrilere

244 5201 340 5272 ulique
356 5197 457 5267 ioedus,
469 5211 562 5269 poenu,
577 5197 682 5268 caepit:
699 5197 803 5268 placuit
816 5207 840 5253 et
853 5195 939 5253 nolis.
951 5195 1030 5251 Alius
1042 5195 1145 5268 qeneris
1168 5200 1207 5250 est
1231 5199 1342 5267 lortnan
1360 5197 1449 5254 literte
1467 5205 1568 5272 yqnln·
1578 5201 1607 5254 iu
1623 5203 1719 5272 puucls
1733 5201 1877 5265 roealulis,

244 5315 270 5354 o.
278 5316 308 5370 q.
324 5298 443 5370 hyrrmus
457 5312 504 5351 seu
518 5310 628 5369 ymnus,
640 5293 751 5365 leqitur,·
766 5294 831 5350 alili
844 5294 902 5366 ep’ns
916 5295 1004 5348 lacum
1014 5303 1162 5362 occupante
1182 5293 1310 5348 elemento
1333 5293 1430 5351 Latino
1443 5295 1463 5352 i.
1480 5293 1609 5352 Pratulit
1620 5297 1655 5351 cl.
1670 5297 1759 5350 editor
1768 5297 1877 5352 scrilrre

244 5396 384 5467 myster-is,
398 5404 514 5467 martyr,
529 5399 600 5448 etc„-
618 5405 670 5444 nan
681 5389 878 5460 improbamus:
891 5398 1071 5445 cerumtamen
1088 5389 1235 5445 maluimus
1251 5397 1312 5445 tam
1331 5391 1422 5448 codice
1436 5378 1523 5450 dicore
1543 5393 1680 5459 misterio,
1697 5393 1807 5462 utsrtir,
1827 5405 1873 5448 etc.

244 5494 369 5564 moniam
382 5493 425 5547 tte
436 5494 533 5548 iterum
548 5489 680 5561 inteqrttm
692 5495 809 5558 systema
826 5486 1031 5559 qrammnticsm
1046 5485 1123 5541 latet.
1139 5483 1208 5557 Leqe
1229 5479 1288 5557 qua
1302 5489 1459 5544 recentiores
1471 5491 1644 5560 qramsnatici
1663 5493 1826 5562 scripserunt
1846 5493 1874 5546 de

178 5617 185 5630 ·
244 5585 379 5642 nocululis
390 5585 491 5657 aliquot
506 5581 605 5640 Greecis
616 5581 679 5652 jure
693 5578 768 5636 lsatli
783 5579 899 5646 donatis,
912 5595 936 5634 a.
953 5595 980 5650 q.
995 5579 1098 5648 ceolas,
1113 5578 1211 5650 stylus,
1224 5579 1314 5636 stilus.
1340 5579 1373 5635 ln
1393 5583 1567 5652 aspirationis
1582 5583 1666 5656 siqnis
1682 5585 1768 5640 cades
1787 5587 1872 5640 acrius

244 5799 272 5847 m
281 5717 547 5847 (sigivcompts-rendu
565 5720 610 5780 cles
622 5717 774 5777 slcncssule
786 5715 814 5774 la
827 5713 1006 5774 Commission
1020 5717 1111 5808 roqale
1122 5715 1270 5788 cl'lslstoire,
1282 5727 1303 5775 ts
1317 5717 1377 5793 Vl³
1387 5717 1480 5794 initiet
1494 5721 1599 5779 tuit-6
1612 5723 1676 5779 sont
1687 5721 1769 5788 istut
1783 5735 1810 5794 p.
1824 5719 1870 5778 lii

349 5813 357 5844 s
