3908 6312
68 355 145 415 tlst
683 357 791 414 lll'tln'l
812 357 856 414 ΕΤ
877 357 1094 425 sooosx'ttm.
1634 357 1702 412 titt

167 473 225 532 lloc
244 475 322 546 primi
336 479 401 534 uitio
413 489 538 550 parentes
553 477 675 550 exulant,

172 545 206 601 Et
217 547 321 603 crebris
335 545 605 618 posteros‘aerumnis
620 553 759 621 iruplieaut

169 615 226 672 lloc
242 619 403 674 naturaliter
414 629 457 676 est
474 620 554 676 ruobis
570 620 694 688 insitum,

170 687 204 742 Et
216 688 296 758 qrrasi
309 689 372 745 liliis
383 690 580 747 bereditarium
593 692 643 764 (Ι).

164 798 373 857 immoderatior
387 803 495 862 etluter
509 823 524 862 e
545 807 606 862 uias

167 871 195 926 Si
207 873 273 942 quid
286 874 421 930 addiderit
432 823 693 948 culpaefoquacitas.

168 940 195 994 ld
211 958 247 1012 qu
288 959 322 999 ue
335 953 410 1000 tuum
423 955 465 1001 est
478 947 533 1003 tuis
548 950 707 1019 ignoscere,

166 1013 220 1078 Qui
238 1027 274 1068 no
294 1015 317 1070 is
328 1015 452 1085 spacium
464 1033 588 1075 reservas
601 1019 696 1074 reaia.

167 1122 260 1206 Tuum
271 1132 314 1182 est
328 1129 443 1198 gratiam
458 1129 524 1186 dare
535 1131 703 1202 supplicibus

167 1197 223 1258 2tura
238 1196 290 1250 sulti
304 1207 436 1270 tenrpcret
449 1202 484 1254 ab
497 1201 541 1258 lus
555 1212 583 1260 et
596 1204 706 1260 talibus.

172 1263 255 1320 lurum
272 1276 314 1322 est
325 1269 363 1349 (2)
376 1271 505 1328 omnibus
519 1275 630 1329 morium
646 1275 784 1346 praeligare

167 1339 257 1408 Atque
271 1341 438 1410 precipitem
451 1351 576 1399 naturam
592 1361 696 1416 regere.

167 1447 407 1522 Peregriuautibus
425 1455 507 1512 nubis
527 1455 655 1512 viaticum

166 1523 204 1576 tls
219 1525 417 1592 necessarium,
435 1526 498 1582 tolle
513 1527 699 1598 superfluum

167 1589 279 1662 Sitque
293 1607 348 1650 non
363 1596 476 1652 boueret
490 1597 609 1667 supellex
628 1598 745 1666 mollier,
805 1645 813 1670 ,

167 1660 205 1719 lle
217 1663 295 1722 tarde
307 1665 431 1739 prologis
444 1681 572 1727 occurrat
589 1671 687 1740 patria.

166 1775 234 1842 Quis
248 1778 276 1834 in
293 1779 377 1837 exilio
391 1792 498 1851 quaerat
509 1783 637 1840 delitias?

168 1845 214 1902 liet
230 1851 320 1906 nudus
336 1853 439 1908 utinam
456 1854 519 1910 iiiuc
531 1857 638 1910 taudem
653 1855 748 1910 creat!

167 1915 297 1990 Nudeque
310 1922 471 1996 naufragum
488 1923 634 1982 haerentem
653 1925 753 1982 tabulae

167 1989 266 2047 Cautes
278 1995 415 2065 excipiant
430 2011 530 2052 saxoso
541 1997 643 2053 littore.

164 2109 216 2176 eri
229 2111 398 2181 spiritalibus
409 2129 439 2168 se
450 2113 520 2168 cibis
532 2122 676 2185 praeparat,

167 2179 225 2237 llou
240 2183 339 2252 querit
356 2183 477 2254 qualibet
496 2192 604 2240 stercus
617 2184 752 2239 coutlciat.

167 2251 272 2308 Caelesti
288 2269 358 2324 pane
372 2255 419 2324 qui
433 2254 539 2326 saginat
555 2256 593 2324 (5)
606 2255 725 2308 animam

165 2321 275 2379 lleutris
292 2323 427 2396 rugitibus
443 2340 498 2381 uou
511 2323 730 2396 paratsimllam.

164 2435 207 2492 0!
223 2437 262 2506 (l)
281 2437 367 2504 Quem
381 2453 451 2494 verae
466 2438 595 2509 poculum
609 2439 673 2494 ritis
684 2437 811 2502 inebriat,

165 2505 227 2562 Vini
241 2508 383 2564 dulcedine
393 2511 485 2578 gulam
502 2525 555 2564 ooo
570 2510 676 2573 incitat.

167 2577 207 2632 lle
227 2593 273 2633 urn
291 2577 406 2642 deliciae,
419 2595 474 2634 nou
494 2579 600 2635 Clrristi
616 2595 778 2650 pauperum,

165 2595 371 2705 &filcitudlues
383 2658 448 2704 sont
464 2651 523 2706 isse
539 2651 669 2721 gentium.

164 2761 287 2820 Terrena
303 2779 336 2818 co
356 2763 424 2818 itant
437 2763 486 2827 bii.
500 2781 552 2820 non
566 2767 699 2832 calestia;

166 2833 279 2888 l’ommt
293 2779 406 2890 exibam
420 2835 472 2890 sibi
487 2851 537 2904 pro
551 2838 653 2905 patria:

168 2905 275 2961 Sortem
288 2921 351 2959 curro
364 2905 458 2960 bestiis
475 2906 519 2960 lric
535 2922 613 2962 soarn
629 2907 743 2972 iaciunt,

166 2975 200 3032 Et
214 2976 283 3031 tales
298 2975 389 3030 miseri
403 2975 518 3032 comites
533 2977 646 3049 eligunt.

165 3089 265 3145 Averni
279 3087 387 3144 facilem
399 3087 562 3146 descensum
578 3099 724 3161 appetunt,

883 485 905 542 Α
1009 479 1110 534 duona
1127 495 1266 550 respcram
1282 479 1385 535 sciuros
1397 478 1526 549 incipere,

1006 550 1074 606 Coro
1090 549 1130 605 sol
1144 565 1173 606 se
1186 550 1299 632 coeperit
1312 550 1392 606 terris
1407 551 1584 632 lrunrergere,

1007 621 1130 676 deonna
1144 631 1216 676 recte
1231 635 1293 690 quus
1309 635 1389 674 mane
1403 621 1529 676 tribuerit

1003 689 1068 746 Post
1082 691 1170 746 ruoctis
1190 691 1309 746 inedium
1323 704 1386 746 cum
1397 690 1438 747 sol
1449 691 1600 746 deterserit

1006 804 1076 860 licto
1090 803 1235 860 coniicitur
1252 813 1345 861 nostra
1361 803 1515 859 sulrstaatia

1006 875 1094 940 Quam
1107 875 1217 930 deinum
1232 875 1339 945 perlicit
1357 883 1459 930 octaua
1469 875 1572 945 gloria;

1003 945 1110 1015 Corpus
1124 960 1156 1000 ex
1176 954 1306 1016 quartuor
1320 953 1448 1004 constare
1460 946 1598 1014 arcuimus,

1003 1017 1104 1072 liruari
1117 1017 1230 1072 totidem
1246 1025 1352 1072 merrtes
1366 1015 1524 1072 virtutibus.

1005 1127 1075 1186 lline
1087 1139 1159 1186 recte
1189 1129 1272 1186 ratias
1285 1129 1312 1184 iu
1324 1136 1386 1184 octo
1401 1127 1527 1184 laudibus

1006 1199 1060 1256 l'ro
1072 1201 1152 1258 uobis
1165 1146 1282 1255 {omino
1293 1199 1360 1256 solri
1372 1199 1518 1255 statuimus

1007 1269 1148 1328 Deiectum
1162 1271 1286 1341 corporis
1302 1271 1453 1341 prebentes
1469 1283 1592 1341 vespere,

1006 1340 1084 1397 blane
1098 1341 1246 1397 tribuimus
1260 1341 1382 1412 rigorem
1394 1341 1503 1396 auitum.

1006 1432 1142 1489 l‘crlreuni
1157 1431 1284 1489 Domino.

1280 1525 1350 1582 lltlt.

1245 1619 1391 1674 noururcal

1214 1713 1255 1766 dd
1275 1711 1413 1783 Vesperos.

1007 1803 1115 1862 Oetaeae
1128 1805 1209 1862 titolo
1219 1805 1248 1860 iu
1259 1801 1378 1860 Psalmis
1390 1804 1507 1876 legimus

1009 1875 1120 1932 Futurae
1134 1876 1249 1949 gloriam
1264 1875 1326 1930 ritae
1343 1875 1516 1938 canentibus,

1006 1947 1076 2002 Cum
1089 1947 1138 2002 lus
1147 1945 1263 2004 subierit
1277 1960 1374 2016 perpes
1388 1945 1508 2000 ildelium

1007 2016 1090 2074 istius
1101 2017 1234 2088 temporis
1248 2025 1310 2086 post
1324 2015 1519 2088 septenarium.

1006 2133 1147 2206 blanciam
1164 2133 1191 2190 in
1209 2135 1297 2206 capite
1310 2134 1475 2204 completam
1495 2133 1633 2200 novioma,

1003 2205 1072 2259 Cum
1087 2205 1270 2261 resurrexerit
1281 2206 1332 2260 bac
1343 2205 1403 2260 lucc
1418 2203 1560 2269 Dominus,

1007 2274 1043 2331 {lt
1056 2275 1286 2334 siccariissimaru
1300 2290 1377 2345 spem
1393 2271 1524 2330 membris
1537 2272 1655 2344 propriis

1006 2345 1137 2416 Ejusdem
1152 2348 1257 2402 tribuat
1270 2345 1460 2402 lreatitudiuis.

1005 2455 1074 2514 lliuc
1088 2476 1102 2513 a
1117 2457 1291 2516 Christicolis
1305 2457 1362 2514 iaaac
1379 2455 1437 2513 dies
1449 2457 1548 2513 merito

1006 2527 1065 2584 Prae
1075 2531 1183 2585 crunctis
1194 2529 1295 2585 colitur
1309 2531 1361 2584 boc
1379 2529 1407 2584 iu
1423 2527 1557 2584 misterio.

1009 2597 1131 2656 AEternis
1146 2601 1257 2665 etenim,
1273 2614 1329 2654 non
1345 2598 1539 2669 temporalibus

1007 2669 1050 2723 llii
1064 2669 1145 2726 bouis
1159 2669 1268 2726 initiant
1279 2671 1319 2740 (8)
1332 2685 1452 2740 quorum
1466 2670 1530 2724 lours
1542 2667 1687 2725 [tetuinus.

1005 2781 1078 2840 Neve
1093 2792 1148 2839 tam
1163 2783 1276 2838 arduam
1292 2783 1365 2838 riam
1381 2781 1536 2837 terrentibus

1007 2853 1211 2910 dudlffidauria
1225 2863 1347 2923 tepeseat
1361 2853 1470 2908 auiurus
1485 2867 1492 2906 :

1008 2924 1065 2980 llac
1076 2927 1134 2994 ipsa
1144 2925 1189 2980 die
1208 2924 1339 2980 lionrinus
1349 2924 1388 2992 (9)
1403 2923 1564 2992 paraclitum

1007 2995 1083 3052 ltisir
1095 2995 1237 3064 discipulis
1249 2997 1276 3048 in
1289 3009 1372 3050 aeram
1389 2991 1532 3064 Spiritum.

1003 3109 1044 3165 Ad
1057 3109 1140 3179 liujus
1151 3107 1242 3164 addite
1256 3105 1309 3162 diei
1326 3106 1440 3178 gloriam

166 3162 288 3215 Arduum
303 3159 430 3216 caelormu
444 3160 540 3214 callem
557 3161 706 3231 retugium.

168 3229 267 3286 Verrtre
285 3240 312 3284 et
325 3239 433 3298 pectore
444 3240 570 3300 repentes
584 3233 693 3302 perdtus
880 3219 902 3276 C

168 3301 203 3356 Sc
210 3301 266 3372 jam
279 3301 404 3357 attollere
417 3301 509 3357 ralent
523 3302 690 3358 nullatenus.

1006 3181 1068 3248 Quo
1085 3189 1158 3234 recto
1170 3179 1263 3234 rideas
1277 3177 1349 3234 diem
1368 3177 1538 3232 [lominicanr
1554 3164 1620 3246 (10),

1008 3251 1088 3318 Quod
1107 3249 1287 3321 corporaliter
1301 3251 1353 3304 bac
1364 3249 1425 3304 luce
1441 3246 1575 3303 Dorrriuus

1010 3319 1045 3378 [lt
1059 3337 1106 3376 rex
1121 3331 1267 3391 susceptos
1279 3329 1321 3376 est
1332 3328 1360 3375 et
1371 3321 1451 3376 lieres
1462 3321 1565 3390 regius.

168 3415 204 3471 lit
215 3431 317 3487 pronas
330 3431 447 3486 corpore
460 3425 558 3472 natura
574 3416 689 3480 bestias,

169 3487 216 3541 Sic
229 3489 297 3542 istos
312 3487 405 3542 animo
419 3485 483 3543 lecit
493 3487 623 3542 edacitas.

168 3551 251 3612 ilacbi
266 3558 305 3611 rel
321 3557 429 3614 Cereris
444 3559 552 3628 templis
565 3557 679 3620 assidui,

170 3627 199 3680 ln
213 3627 368 3684 cerimoniis
383 3638 448 3684 surrt
458 3629 562 3684 reatris
574 3629 680 3702 prodigi
696 3628 746 3700 (5).

1005 3435 1149 3508 ingressos
1164 3434 1304 3506 proprium
1319 3433 1411 3490 statim
1425 3433 1567 3506 palatium,

1006 3507 1129 3562 Patentis
1141 3505 1253 3560 exbibet
1268 3505 1342 3577 regis
1358 3506 1523 3575 imperiuut;

1009 3577 1111 3632 Psaros
1128 3575 1241 3645 ejiciens
1257 3576 1324 3646 (Η),
1337 3591 1425 3632 cacos
1436 3575 1582 3642 illuminat,

1008 3648 1043 3703 lit
1054 3648 1167 3705 domum
1178 3644 1290 3702 Domini
1305 3647 1347 3703 sic
1362 3646 1531 3704 reconciliat.

169 3735 209 3793 Τιι
221 3749 310 3796 alutem
320 3740 415 3796 exules
426 3738 512 3796 lar-tos
524 3740 642 3810 inglorie

164 3807 216 3864 Per
227 3811 423 3866 abstinentiam
432 3811 517 3867 reduc
533 3827 594 3878 nos,
612 3810 738 3877 Domine,

166 3877 333 3951 Nullamque
347 3881 458 3936 deseras
471 3893 582 3938 tuorum
601 3883 724 3951 inopem,

167 3953 221 4018 Qui
236 3953 319 4008 restis
334 3952 435 4020 lilium,
447 3961 475 4007 et
492 3953 583 4023 pascis
596 3966 747 4024 passerem.

1007 3765 1116 3820 (letare
1126 3763 1231 3834 peragit
1245 3760 1346 3818 illesus
1361 3762 1515 3818 misterium

1007 3835 1101 3906 inqua
1121 3833 1253 3890 resederit
1269 3843 1300 3887 ut
1311 3833 1397 3904 ludes
1411 3833 1535 3888 omnium

1009 3904 1080 3960 Suos
1096 3904 1257 3960 illuminaus
1268 3903 1311 3958 sui
1324 3904 1480 3973 praesentia,

1008 3975 1112 4031 Prasos
1122 3974 1236 4046 ejiciens
1250 3989 1265 4030 a
1279 3973 1355 4046 regui
1369 3975 1467 4048 gloria.

169 4067 280 4126 Nullum
293 4071 443 4129 necessitas
458 4080 565 4142 premat
579 4069 689 4141 inopie,

168 4138 223 4194 Sed
238 4142 277 4198 sit
289 4141 431 4213 frugalitas
443 4141 620 4198 sufficientiae.

169 4209 213 4266 Sit
224 4215 297 4284 qood
312 4213 435 4268 sodiecre
450 4223 554 4267 naturae
565 4211 662 4276 valeat,

164 4279 227 4338 don
244 4283 315 4354 quod
331 4283 450 4340 lasciviae
465 4283 616 4340 lomeutum
633 4282 762 4355 praebeat.

1008 4089 1063 4147 Nec
1077 4107 1093 4146 a
1107 4089 1230 4146 misterio
1240 4104 1337 4146 racare
1351 4089 1498 4155 credimus,

1008 4161 1087 4226 Quod
1100 4161 1151 4217 soll
1165 4159 1224 4216 dies
1238 4160 1296 4216 baec
1308 4159 1415 4214 datura
1429 4159 1576 4231 gentibos;

1009 4229 1061 4318 ipsi
1077 4231 1119 4284 lraa
1130 4229 1188 4310 (le)
1201 4238 1365 4284 consecrent
1377 4245 1438 4285 eam
1453 4243 1487 4284 ex
1503 4229 1624 4296 nomine.

1008 4302 1077 4356 bum
1093 4299 1145 4356 sibi
1157 4297 1277 4354 rrudicet
1288 4300 1361 4353 banc
1374 4299 1415 4354 sol
1429 4299 1553 4370 justitiae.

1008 4391 1145 4450 Perireuul
1159 4390 1286 4448 Domino·

1278 4481 1360 4538 llllll.

1243 4587 1383 4642 puerinse.

1181 4670 1223 4725 dd
1237 4669 1454 4740 completorium.

1011 4760 1119 4833 Ubique
1138 4765 1192 4818 tuis
1205 4777 1256 4818 nos
1270 4772 1296 4819 et
1315 4777 1424 4832 semper
1433 4761 1560 4822 laudibus

1012 4833 1127 4900 vacare,
1142 4833 1266 4899 bomine,
1284 4831 1384 4888 delrere
1399 4832 1536 4899 norimus,

1013 4903 1066 4970 Qui
1079 4905 1139 4960 loca
1154 4903 1276 4960 fabricas
1286 4903 1365 4959 nobis
1379 4912 1406 4958 et
1419 4911 1552 4974 tempora,

1013 4973 1125 5032 lioetem
1144 4975 1179 5030 ad
1192 4975 1328 5044 requiem,
1337 4973 1409 5030 diem
1421 4973 1456 5030 ad
1467 4989 1561 5046 opera.

169 4411 305 4472 Perireoni
319 4416 436 4472 Domino
455 4415 501 4471 sit.

444 4529 503 4584 llll.

387 4643 429 4697 dd
443 4642 560 4698 Nonum.

169 4759 279 4828 Septem
293 4773 363 4831 quas
378 4759 513 4814 solvimus
528 4755 637 4812 dioruis
648 4755 777 4812 laudibus
846 4809 851 4822 ,

169 4829 318 4886 Nrrctoruis
332 4831 432 4886 additis
449 4838 511 4886 octo
523 4827 706 4899 perlicimus,

170 4899 212 4955 Es
232 4901 333 4972 qulbus
343 4909 473 4972 quattuor
487 4899 594 4956 ascribe
611 4911 724 4968 vespere
736 4896 773 4967 (ii)

171 4969 203 5027 lit
221 4987 300 5029 mane
315 4980 455 5042 quattuor,
468 4969 595 5040 diemque
610 4967 711 5040 pertice
721 4967 772 5039 (ἵ).

114 5198 156 5268 (l)
171 5193 217 5252 Sic
232 5195 299 5250 Cod.
312 5195 403 5270 (Ῑῌ).
422 5191 525 5248 Cousltt
549 5195 664 5248 mutarit
681 5192 708 5246 itt
727 5190 871 5244 lroercdlto-
924 5200 1050 5258 simililer
1066 5199 1093 5255 in
1110 5207 1207 5270 quarta
1222 5199 1346 5270 sip-opha,

75 5269 163 5326 rium,
189 5267 247 5321 nori
270 5281 398 5330 necesse;
415 5277 499 5334 qoam
522 5277 576 5318 nou
589 5263 752 5318 corrreuiarrt
766 5260 871 5332 antiqui
958 5271 998 5342 (7)
1012 5269 1138 5338 Quarum
1150 5271 1224 5325 (ιη
1232 5270 1395 5340 vespertina
1405 5263 1712 5336 ,uantumlamailauq

77 5338 267 5414 grammatici.
762 5402 767 5412 Ι
925 5339 1061 5413 vesperae,
1087 5340 1304 5412 completorium
1329 5351 1357 5394 et
1383 5336 1563 5400 matutinum:
1593 5345 1714 5408 quatuor

118 5409 160 5480 (Ξ)
171 5407 242 5464 God.
256 5409 283 5462 ia
296 5407 436 5470 omrribrrs;
455 5403 502 5460 sed
519 5405 545 5458 in
561 5405 641 5462 obelo
666 5419 715 5460 sco
734 5402 871 5474 stigmati-
923 5413 1065 5470 malatinae
1073 5409 1190 5474 Laudes,
1203 5407 1307 5478 Prima,
1323 5409 1413 5465 Tertia
1432 5416 1460 5462 et
1475 5405 1566 5464 Serta.
1620 5416 1628 5442 ’ν

76 5483 268 5538 bosnotatur.
684 5497 686 5502 ’
959 5485 998 5552 (8)
1010 5481 1079 5538 God.
1095 5482 1193 5536 iniant.
1621 5471 1625 5496 ⁴

119 5551 159 5622 (5)
172 5550 241 5606 Col.
255 5567 286 5605 aa
305 5551 392 5605 incur.
960 5553 997 5622 (9)
1008 5553 1050 5607 ct.
1062 5567 1088 5607 r.
1100 5551 1204 5607 Cousin
1221 5551 1350 5606 Dominus
1365 5549 1417 5605 die.

119 5621 214 5692 (4)(31.
230 5638 256 5676 r.
294 5623 374 5678 ousia
389 5619 481 5677 omisit
494 5613 532 5674 0!
958 5623 1016 5696 (tlt)
1033 5623 1101 5678 (lod.
1120 5623 1253 5678 additae...
1268 5622 1322 5676 diei
1334 5619 1504 5677 dominicam.

119 5693 159 5764 (iit
174 5691 242 5748 Cod.
256 5693 355 5762 prodii.
959 5695 1016 5764 (ΙΙ)
1026 5693 1094 5749 (lod.
1109 5695 1229 5748 certer...
1243 5693 1368 5748 citieus...
1381 5693 1485 5749 sitieris·

119 5763 160 5830 (6)
173 5761 350 5819 Servarimus
372 5779 483 5834 uespere,
506 5761 635 5832 quoniam
658 5758 791 5815 contiuno
829 5765 872 5812 ost
959 5765 1016 5820 rtet
1030 5765 1097 5820 (loll.
1118 5761 1173 5834 ipit
1187 5779 1298 5834 qrroque,

81 5833 244 5892 dbalardus
255 5850 331 5890 ruane
342 5849 450 5908 quoque
462 5847 601 5904 samonam
610 5832 731 5890 datiuum
745 5829 807 5888 adiri
837 5839 872 5886 t:
