3964 6306
77 333 130 388 763
435 331 580 390 tttSSAtF.
600 331 735 388 ttlxutltt
756 329 830 390 SEC.
852 329 931 388 lieu.
953 329 984 386 tt.
1005 329 1137 386 lstuttitl.
1159 359 1194 371 -
1213 327 1301 386 utus
1322 330 1355 386 ll.
1659 329 1712 386 rub

77 449 171 502 inbono
195 443 338 500 desudant.
365 451 376 478 ι
405 443 507 498 beriles
533 443 615 498 rcrbn
639 439 805 497 transierunt
820 457 826 494 :
843 449 907 506 ott
924 448 976 494 tem
987 438 1176 496 descendentis
1187 441 1340 506 lunmilitate
1353 445 1526 495 utnustrsret.
1547 437 1712 498 lieePsslus

80 541 314 610 propriissimum
336 538 458 593 matuibtts
472 545 599 608 querunt.
614 535 763 592 Jtulimturl
782 535 872 604 Ange·
923 531 1019 587 nuncin
1029 531 1117 596 mittor
1126 530 1248 590 meminit
1261 549 1267 584 :
1279 530 1712 602 quetnsibiarruqaucratdicens:

77 635 138 687 los:
156 635 183 686 iu
197 631 366 702 questionem
390 630 542 686 stittuutur.
565 626 633 682 Cum
646 626 702 682 lieo
717 624 828 680 uiuunt:
844 626 872 680 itt
927 623 989 680 llilti
1012 623 1106 681 uivere
1128 624 1251 680 Cltristns
1266 635 1325 680 est:
1340 633 1368 680 et
1389 624 1458 680 mori
1481 625 1593 682 lucrum.
1606 625 1715 683 ,Gaudet

76 723 182 780 rutundo
195 724 391 794 periclitantur.
409 721 548 782 Postremo
562 719 684 776 Cltulstus
701 719 872 776 eissertlens
924 716 1083 772 in-auientts
1105 716 1201 772 ictibus
1221 717 1405 786 percussoris:
1421 717 1537 776 domitas
1554 718 1715 789 inquienti·

79 819 166 886 pedes
176 815 265 880 lauat:
280 824 308 872 et
328 814 409 874 iacies
431 829 524 872 eorum
548 812 763 869 blasfemantium
778 824 874 878 tatanus
924 822 967 865 stu
981 811 1080 868 ollctue
1090 814 1230 868 ceruices:
1246 821 1273 868 et
1282 827 1332 879 pro
1347 814 1467 883 corporis
1482 815 1522 870 sui
1534 815 1619 886 capite
1631 832 1637 870 :
1649 817 1715 873 ders

77 909 170 978 alapis
190 907 359 980 collaphizat.
400 906 469 961 lliliil
491 904 686 962 sustinentibus
708 903 876 975 penedelnit
924 901 1044 972 corporis
1059 901 1101 957 sni
1120 912 1209 971 caput.
1242 902 1393 960 Diviserunt
1417 905 1469 960 sibi
1486 906 1616 975 passionis
1630 906 1715 962 bont

75 999 114 1055 ad
125 999 313 1056 tolerantium:
329 998 395 1054 niltil
419 996 607 1068 supersntibns
626 997 736 1053 uictoris
756 1010 809 1051 non
825 995 874 1050 ad·
926 995 988 1050 nice
1013 995 1202 1050 sestinuentum
1217 995 1271 1050 duo
1291 995 1390 1052 milites
1403 996 1451 1052 liei
1466 1013 1473 1053 ι
1489 1013 1557 1052 nnus
1571 1000 1597 1052 in
1613 999 1716 1068 nunbu-

76 1092 133 1146 luit
148 1091 182 1146 atl
197 1105 336 1149 coronam.
353 1089 383 1146 st
398 1103 568 1152 recurramus
581 1106 588 1142 ι
601 1097 666 1159 quot
678 1089 712 1146 aul
732 1087 876 1143 testitucsn-
927 1087 972 1144 lo:
986 1088 1055 1144 alter
1077 1091 1103 1143 in
1126 1088 1228 1158 pladio.
1254 1087 1349 1145 l‘ctrus
1370 1090 1396 1144 in
1412 1089 1716 1166 usossssieneruraulns

72 1185 143 1236 darn
159 1181 223 1238 ildei
243 1181 391 1248 ueritatem:
405 1195 579 1242 erumnarum
606 1177 765 1248 pertulerint
780 1179 805 1232 ln
821 1187 876 1234 tor·
925 1179 954 1234 iu
968 1179 1109 1250 sanguine.
1133 1179 1181 1234 llis
1205 1179 1284 1250 igitur
1305 1180 1404 1251 dispari
1426 1181 1520 1248 tndrtis
1533 1195 1646 1252 genere:
1660 1197 1714 1237 nnn

78 1274 185 1330 nuetitis
201 1273 356 1344 frequenter
380 1272 454 1328 suis:
468 1269 625 1342 superluere
650 1269 820 1339 llottyribus.
846 1269 875 1323 Si
928 1271 1030 1342 illspuri
1055 1270 1187 1330 moriendi
1210 1285 1306 1332 umore
1322 1271 1481 1339 periuroctis.
1511 1271 1619 1327 Esultet
1638 1273 1720 1328 ineo-

77 1368 111 1422 ist
125 1365 313 1421 mirabilibus:
331 1367 381 1420 lino
392 1363 584 1434 percltristum
596 1360 705 1416 iecere:
722 1361 792 1430 quud
802 1357 878 1415 cort·
923 1377 989 1416 rum
1007 1363 1146 1418 doctrinis
1157 1362 1276 1419 Ecclesia
1296 1361 1450 1419 catholiea:
1475 1364 1501 1417 in
1523 1364 1643 1436 exequiis
1656 1363 1718 1420 reli·

77 1464 155 1512 stus.
176 1457 205 1512 si
220 1456 247 1511 in
261 1455 447 1526 passionibus:
471 1455 522 1508 boc
537 1453 723 1508 sustinuerunt
738 1450 774 1504 illi
790 1464 878 1506 ueces-
926 1452 1039 1522 pinsitae
1066 1452 1208 1507 universa:
1232 1453 1258 1506 in
1285 1454 1422 1508 memoriis
1446 1452 1514 1509 llrbs
1532 1453 1652 1510 Roursns
1669 1471 1675 1508 :
1691 1453 1718 1509 Ιιι

73 1548 162 1602 situte
182 1545 289 1603 nurnti
310 1563 317 1600 ι
341 1546 412 1616 qoud
436 1545 481 1601 ille
504 1544 640 1599 voluntate
667 1542 811 1598 moriendi.
832 1541 877 1598 lati
929 1543 1088 1615 patrociniis
1098 1545 1186 1599 onmis
1197 1545 1284 1598 atuima
1297 1543 1450 1599 eluistians.
1464 1543 1518 1602 llcc
1529 1552 1618 1602 autem
1629 1544 1719 1600 omniu

74 1641 139 1708 eius
156 1637 277 1706 virutum
304 1637 350 1704 ille
361 1635 440 1700 suis.
460 1635 611 1692 Prsbsntes
625 1633 748 1688 doctrine
761 1631 878 1688 aucturi-
932 1643 960 1690 ιιι
976 1635 1089 1690 llotnine
1100 1635 1221 1704 operaris
1234 1634 1334 1704 :quis
1355 1633 1494 1710 Ptopbetis
1508 1633 1717 1690 demonstraris:

75 1740 164 1786 tatem
186 1729 361 1789 similitudine
373 1746 386 1786 a
399 1742 455 1785 nou
468 1728 611 1798 equalitate
625 1726 755 1794 doctoris.
781 1726 877 1795 imple·
929 1727 964 1782 sb
979 1727 1088 1797 Angelis
1100 1725 1239 1792 adoraris:
1256 1725 1511 1794 etiuomniueculc
1530 1727 1719 1796 Apostolorum

74 1833 116 1878 nt
132 1827 233 1880 t'etrus
243 1837 293 1878 sno
307 1832 446 1891 tempore:
462 1821 533 1892 quud
556 1821 716 1890 promiserat
733 1829 796 1876 unte
812 1830 877 1876 ters-
896 1809 918 1868 ll
934 1819 1037 1874 lumine
1056 1817 1213 1880 declararis.
1234 1819 1283 1873 Cui
1304 1818 1401 1874 merito
1413 1833 1507 1874 omnes
1521 1821 1613 1890 Atiqell
1626 1829 1654 1875 et
1668 1821 1721 1876 Ar-

76 1934 140 1987 pns.
162 1917 256 1972 Posuit
274 1917 391 1971 animam
413 1929 492 1972 susm
515 1929 563 1983 pro
586 1914 652 1969 illo:
676 1927 757 1984 quem
780 1926 811 1968 se
824 1927 876 1966 non
930 1910 1054 1980 cbeugeli
1070 1924 1122 1964 noo
1143 1919 1251 1965 cessant
1265 1911 1384 1966 cluniace
1403 1909 1522 1980 quotidie
1541 1913 1576 1965 ita
1591 1911 1720 1967 dicentes.

78 2010 240 2066 crediderat
253 2017 422 2080 nepstnrnnu.
443 2007 512 2074 Quia
524 2005 557 2060 ad
570 2007 654 2062 ardue
664 2003 818 2076 sponsionis
832 2019 878 2060 ce·
938 2000 975 2070 tl.
988 2000 1112 2058 Sanctus.

80 2103 222 2158 imitatem
247 2101 328 2160 nimia
351 2099 486 2160 charitato
510 2107 653 2167 preventus
674 2113 728 2152 non
744 2096 876 2152 intellexit
967 2091 1033 2150 Post
1047 2092 1172 2150 Sumtus.
1187 2092 1294 2148 Osanna
1309 2107 1336 2148 to
1362 2092 1499 2150 excelsis:
1524 2092 1597 2149 idem
1618 2093 1724 2150 excelse

76 2209 193 2250 serrum
211 2207 259 2263 pro
271 2191 462 2248 Dominodsre
474 2205 526 2244 non
538 2205 619 2261 posse
632 2207 638 2242 ε
651 2189 722 2252 nuod
738 2203 786 2259 pro
798 2203 877 2243 serso
930 2182 956 2238 in
982 2182 1107 2238 excelsis.
1134 2182 1205 2237 lderu
1229 2182 1336 2238 luumilis
1356 2183 1384 2238 in
1408 2184 1522 2239 terrenis
1544 2181 1651 2240 Cluiste
1672 2181 1722 2238 uiti

76 2293 146 2340 aute
172 2283 303 2338 Dominus
327 2297 380 2338 non
409 2282 540 2344 dedisset.
568 2278 699 2348 siuuuiliter
719 2293 773 2334 ιιοιι
789 2281 878 2334 renuit
934 2276 991 2332 bet.
1011 2275 1062 2342 Qui
1087 2275 1213 2330 nebulosa
1233 2273 1364 2347 unoquoq
1384 2277 1449 2333 artis
1463 2277 1499 2330 Ιιιι
1519 2274 1644 2348 Syrnonis
1664 2288 1722 2344 pre·

77 2373 203 2445 crucillgi
218 2391 225 2428 :
252 2373 299 2430 sed
330 2372 462 2443 equaliter
474 2441 477 2448 Ι
491 2387 547 2434 non,
567 2373 731 2442 presumpsit
752 2371 877 2441 appendi.
935 2368 1088 2438 sumptione
1103 2368 1229 2438 prestitis
1239 2386 1247 2426 ι
1259 2367 1413 2438 Apostolice
1425 2368 1641 2425 concreatione
1655 2367 1725 2422 ueri·

78 2467 154 2522 ttlnit
172 2466 219 2522 'rlle
234 2464 407 2522 rectusziste
427 2462 579 2534 subjectns.
606 2463 653 2518 llic
668 2473 696 2518 ut
711 2461 880 2532 maiestatem
936 2467 990 2514 tute
1020 2460 1123 2529 prodita
1160 2461 1328 2518 destruxisti.
1367 2461 1452 2529 Quem
1479 2461 1576 2516 frustra
1604 2462 1723 2518 celorum

78 2553 256 2609 ascendentis
272 2551 437 2608 sublimitate
457 2554 609 2624 proferret:
636 2554 686 2608 iste
702 2562 730 2607 nt
753 2553 881 2623 tragilita-
935 2566 1078 2608 ascensum
1099 2553 1171 2608 aeris
1207 2552 1388 2608 molitionibus
1410 2560 1578 2622 appetentem
1594 2553 1724 2624 :decepte

120 2717 133 2744 ¹
148 2706 258 2762 llontes.
276 2709 418 2778 Apostolos
440 2707 548 2764 Petrum
570 2715 616 2762 unt
642 2704 752 2763 Paulum
775 2717 881 2764 montes
935 2709 1050 2764 isidorus
1066 2709 1199 2764 Pelusiaca
1215 2707 1284 2781 (Lib.
1301 2725 1320 2774 ι,
1335 2708 1468 2780 epictii)
1476 2711 1637 2782 stupendum
1650 2712 1724 2771 illum

82 2779 170 2834 serbo
185 2778 433 2834 transtulisse'ailbi
449 2771 503 2834 tina
519 2777 579 2847 ispi.
932 2792 963 2834 ac
978 2780 1181 2836 celeberrimum
1194 2780 1310 2836 Simonis
1325 2765 1471 2860 interilum.
1487 2787 1589 2850 tapsum
1604 2781 1663 2852 eius
1677 2801 1724 2854 ap·

119 2849 134 2889 ¹
150 2847 291 2902 uouutou.
308 2849 436 2904 Sanctum
460 2847 568 2904 Petrum
595 2847 706 2901 Romanu
731 2851 880 2918 proiectum
933 2849 1030 2917 pellat;
1046 2858 1074 2904 et
1088 2851 1221 2918 Sulpicius
1231 2851 1346 2906 Ser'e‘ruis
1361 2853 1457 2906 citatus
1472 2869 1479 2904 :
1495 2850 1634 2907 interram
1654 2856 1726 2910 delu-

81 2920 194 2974 osseutl
210 2921 408 2990 eupnqauuduns
429 2919 562 2975 Simonem
588 2916 694 2988 idapem
709 2921 801 2976 scribit
817 2936 880 2974 sauu-
932 2919 1102 2990 psuspuputla
1121 2921 1418 2990 btspeeturtterlis'rumns
1440 2923 1551 2977 eutAlii
1567 2937 1619 2977 nnn
1634 2925 1723 2982 statim

81 3001 144 3042 ctus
160 2989 257 3046 lliernn
278 3004 337 3042 mus
366 2989 466 3062 liel'ir.
477 2989 572 3054 illustr.
583 3005 654 3060 cop..
665 2990 700 3058 l).
713 2989 721 3043 l
733 2996 784 3045 lein
800 2991 882 3045 tratis
933 2998 1005 3056 post.
1017 2991 1119 3059 lapsum
1132 3001 1276 3046 ‚rnurtunm
1298 3005 1358 3046 esse
1380 2991 1515 3048 Simonem
1541 2993 1725 3060 prodiderunt.

84 3059 220 3114 Suusebins
233 3057 259 3131 (l
273 3063 315 3114 ist.
338 3059 410 3115 bcci.
432 3061 451 3115 l.
472 3075 501 3123 tt.
513 3076 536 3114 c.
553 3057 607 3128 ld).
625 3059 762 3115 Siuuuonsm
776 3075 839 3114 retur
853 3059 878 3114 in
932 3058 1032 3114 Omnes
1045 3072 1133 3116 mmen
1149 3064 1263 3116 latentur
1287 3075 1394 3116 cansam
1411 3063 1504 3116 intortis
1519 3063 1577 3132 ejus
1592 3068 1726 3122 exstitisse

83 3145 169 3196 seru,
192 3137 330 3198 spectante
358 3131 476 3199 populu,
499 3132 596 3185 elututn
623 3130 721 3194 iuuisse,
745 3129 878 3199 lruleqne.
894 3153 917 3216 C
932 3129 1035 3197 lapsum
1055 3145 1087 3184 es
1103 3144 1177 3196 aere,
1193 3141 1220 3184 et
1244 3131 1285 3186 boe
1310 3132 1516 3188 circumstantias
1544 3148 1596 3186 nou
1612 3135 1727 3199 ,obstant

84 3212 182 3256 iurante
204 3211 298 3256 sancto
313 3201 402 3267 Petro,
424 3200 518 3270 lupatis
535 3199 719 3265 dmmnnibtts,
744 3200 879 3264 delapsum
933 3200 1076 3268 quominus
1091 3199 1209 3256 narratio
1221 3215 1283 3257 sets
1297 3205 1343 3256 sit.
1359 3202 1435 3270 Quod
1449 3210 1539 3257 autem
1549 3201 1669 3259 scribunt
1682 3203 1726 3262 r'e-

85 3286 160 3336 csse,
175 3279 309 3326 testantur
322 3287 338 3326 e
352 3270 453 3325 Latinis
468 3271 573 3326 buciier
587 3269 767 3334 calaritanus,
781 3270 883 3338 aliique
933 3270 1067 3326 centiores
1088 3270 1188 3340 critici,
1214 3271 1283 3328 bunc
1308 3272 1488 3347 narrationem
1513 3289 1529 3327 e
1552 3275 1729 3344 scriptoribus

87 3343 169 3410 lequsi
184 3341 283 3396 liberii
309 3342 446 3410 pontilicis
462 3340 496 3396 sd
518 3340 662 3396 Eusebium
687 3339 882 3396 vercellensem
934 3340 1060 3396 subletlae
1075 3341 1134 3394 lidei
1149 3337 1360 3408 liaustamesse.
1370 3353 1398 3398 et
1410 3343 1444 3398 de
1456 3357 1487 3398 ea
1502 3344 1642 3411 lretttcuut,
1663 3343 1730 3402 Ter·

86 3413 237 3466 scribentes
250 3411 336 3483 (Apud
345 3411 461 3478 ¹liorem,
472 3411 506 3465 sd
525 3427 586 3466 una.
599 3409 662 3476 5⁵5,
676 3427 704 3464 u.
714 3410 755 3480 ll).
768 3411 883 3466 Satuctus
926 3406 1074 3476 tullianum.
1091 3411 1244 3478 Eusebium,
1261 3411 1394 3469 lustinum
1413 3412 1503 3478 silere.
1528 3415 1654 3485 nunejus
1669 3431 1728 3472 mo-

87 3482 247 3538 Ambrosius
264 3489 389 3543 illesum.
403 3481 520 3546 turn,
535 3497 593 3549 cup.
609 3481 635 3546 8,
653 3495 723 3536 uum.
749 3481 802 3545 55.
830 3479 882 3536 liu.
935 3479 1020 3535 menti
1040 3489 1103 3536 sunt
1123 3497 1184 3550 qum
1206 3497 1279 3547 reru,
1303 3482 1450 3539 mirabilem
1478 3485 1603 3554 quidem.
1619 3487 1666 3542 sed
1691 3497 1729 3542 tut

90 3553 206 3632 diuum),
221 3553 377 3607 Pbilastrius
390 3552 442 3624 (lle
452 3551 539 3620 litem,
553 3567 611 3620 cop.
626 3552 685 3621 29),
702 3561 810 3634 sanetus
827 3559 882 3605 Aur·
936 3553 1217 3632 prestantissituornm
1237 3559 1395 3624 scriptorum
1410 3556 1567 3638 summitate
1592 3563 1728 3625 testatam,

88 3620 415 3773 cultibilitas
423 3624 554 3750 ilua:
557 3621 884 3772 tturtlulrlttuull
935 3622 1729 3766 lillaillustrariulaullttltl..titulat

90 3761 298 3834 apostolicarum
313 3762 381 3834 (bil.
396 3781 433 3828 ut,
448 3780 507 3832 rup.
518 3767 559 3829 tt),
574 3773 682 3818 sanctus
696 3763 886 3833 Cyrtllnsllie·
938 3777 990 3816 non
1007 3774 1185 3833 peruenerunt
1198 3765 1375 3828 tradiderunt,
1390 3781 1449 3835 qum
1464 3767 1489 3820 iu
1500 3766 1558 3821 aliis
1571 3767 1645 3822 libris
1662 3783 1729 3835 pru·-

90 3834 301 3906 nsntynuitunns
318 3835 387 3906 (Cot.
414 3836 443 3901 tl,
463 3851 501 3888 ιι..
518 3835 577 3902 15),
589 3833 775 3888 Tbendoretns
797 3833 885 3900 (llmr.
939 3834 1064 3888 termissa
1078 3843 1150 3888 sunt.
1167 3835 1230 3889 Esto
1248 3845 1336 3890 auteur
1359 3835 1385 3890 in
1404 3835 1487 3900 ,libris
1500 3837 1657 3962 quibuisdam
1670 3851 1732 3910 apo·

90 3902 160 3958 ras.
172 3909 193 3958 l.
210 3918 229 3970 t,
243 3903 307 3958 bier.
324 3909 362 3974 ι),
375 3906 476 3976 aliique
497 3903 603 3973 plures,
616 3909 762 3974 interquos
779 3915 887 3959 sanctus
938 3903 1046 3974 crypbis
1071 3905 1105 3960 de
1118 3905 1251 3960 solatuct
1273 3907 1346 3972 lapsu
1367 3907 1484 3962 Simonis
1521 3905 1567 3963 ιιιιΙ
1591 3917 1730 3965 tractatum

85 3975 222 4044 lsidorns,
245 3976 272 4030 ln
285 3976 441 4034 Gltronico:
466 3973 563 4046 llnjm,
583 3976 706 4039 beronis,
720 3976 887 4044 temporibus,
938 3976 987 4038 sit,
1003 3989 1055 4030 non
1080 3974 1151 4044 inde·
1161 3976 1282 4046 seqnitur
1297 3991 1388 4032 uerum
1413 3991 1466 4032 nnn
1480 3991 1541 4036 esse
1553 3993 1555 3996 ·
1565 3978 1700 4050 Sluupnem
1716 3995 1731 4034 a

92 4047 186 4100 Simon
215 4043 307 4116 blaptis
334 4063 393 4101 cum
416 4047 605 4100 altercationem
626 4047 812 4113 proposuisses
830 4061 888 4098 eum
939 4045 1175 4112 dremoncraptnm
1191 4061 1261 4112 esse.
1273 4059 1311 4113 ct,
1329 4047 1451 4117 precibus
1460 4049 1641 4118 apostolorum
1655 4051 1732 4121 pulso

85 4117 171 4171 ‚l’etru
186 4125 211 4170 et
225 4113 309 4170 Pontio
322 4117 457 4187 apostolis,
472 4119 559 4170 dicms
577 4133 606 4171 se
618 4117 757 4184 quamdam
771 4115 889 4169 uirtutem
939 4119 1070 4179 ulmineae.
1086 4131 1198 4186 nequam
1212 4117 1347 4173 ltntnlneun
1359 4119 1386 4174 la
1401 4118 1651 4188 terram'dilapsum.
1665 4121 1732 4174 Nam

91 4203 146 4242 esse
159 4185 354 4258 necunquam,
368 4188 450 4242 medio
468 4187 520 4251 utu.
537 4188 598 4240 dum
617 4186 652 4239 od
677 4183 781 4240 Patrem
803 4187 890 4240 tulere
940 4187 1020 4240 ctiam
1031 4187 1176 4256 scriptores
1185 4189 1228 4242 isti
1238 4203 1427 4256 nonnunquam
1437 4203 1498 4243 arra
1511 4197 1633 4254 narrant.
1645 4205 1732 4258 nequtc

93 4259 260 4324 prouduitiu
274 4260 374 4322 cretum,
390 4258 572 4312 adoemonilus
592 4257 712 4324 aquibus
723 4257 850 4326 persistes
863 4259 890 4309 in
943 4256 1001 4311 luaec
1014 4257 1122 4311 luisturia
1139 4258 1243 4312 illorum
1259 4259 1417 4314 auctoritate
1437 4258 1539 4324 nititur,
1557 4261 1731 4316 seduliorem

92 4343 168 4394 urere,
190 4329 327 4400 adjurante
353 4343 396 4382 eos
423 4327 502 4382 Petro
526 4345 570 4398 prr
598 4327 697 4391 uenus,
726 4324 811 4381 Paulo
832 4340 890 4380 aero
941 4336 969 4380 et
983 4327 1072 4395 probae
1095 4326 1155 4382 ltdei
1179 4329 1339 4396 scriptorum
1354 4370 1362 4394 ‚
1376 4329 1422 4398 qui
1437 4331 1471 4383 de
1495 4331 1569 4398 lapsu
1593 4340 1620 4386 et
1645 4332 1732 4386 uolatu

94 4407 196 4466 orontis,
211 4401 334 4453 detstissus
344 4401 451 4466 crepuit.
464 4399 553 4469 illuni
567 4397 676 4452 lticcunn
692 4398 801 4452 Simone
815 4399 891 4466 llaqu
942 4397 1059 4452 Simonis
1073 4412 1125 4452 tton
1148 4407 1273 4468 tanquam
1289 4399 1323 4453 de
1346 4413 1375 4454 re
1388 4400 1502 4454 obscura
1517 4409 1563 4455 aut
1577 4400 1610 4455 ab
1625 4401 1734 4458 inuectis

94 4469 287 4524 concertationi
300 4470 452 4525 interfuisse
462 4481 607 4536 utrutnque
618 4468 767 4536 apustolunt
782 4468 888 4522 Petroni
943 4469 1096 4522 auctoribus
1116 4469 1210 4522 tradita
1226 4472 1379 4539 loquuntur,
1393 4470 1442 4524 sed
1467 4477 1592 4540 tunqnaun
1615 4472 1649 4526 de
1662 4481 1733 4528 certa

95 4552 121 4594 ct
145 4539 258 4594 Paulum
282 4541 414 4596 scribunt.
441 4542 479 4595 lts
502 4549 609 4595 sanctus
631 4539 762 4601 isidorus.
780 4545 888 4592 saurutns
907 4525 1102 4592 Detomnilrus
1113 4539 1193 4606 probe
1204 4553 1343 4606 no·a,cunt
1353 4552 1379 4596 et
1389 4541 1511 4596 illustrent
1524 4541 1596 4596 illurn
1606 4545 1734 4599 aduersus

96 4610 216 4680 llyriltus
230 4609 500 4682 llieresolymitanos,
524 4610 657 4678 Sulpicius
670 4611 784 4666 Seuerus
804 4606 889 4676 illisi.
948 4608 1084 4664 Simonem
1100 4609 1312 4680 compressionem,
1334 4621 1380 4666 attt
1401 4613 1553 4680 stupendum
1565 4611 1639 4668 illuns
1657 4623 1680 4668 et
1695 4630 1736 4669 cs·

97 4681 195 4736 eccisi.
209 4695 241 4745 ιι,
256 4695 279 4734 c.
294 4680 341 4752 ll)
351 4691 378 4736 et
393 4682 443 4738 boc
458 4683 517 4736 locu
532 4681 637 4736 llissslo
652 4689 781 4734 nestrum.
795 4679 846 4734 Atii
859 4680 894 4733 de
944 4678 1106 4734 leberrimnm
1120 4679 1234 4736 Simonis
1248 4685 1355 4744 obitum.
1368 4693 1590 4750 cornuurmnrant,
1604 4699 1654 4739 nec
1664 4682 1736 4755 quie·

95 4759 193 4808 sancto
212 4751 294 4806 l'etro
313 4753 482 4808 solummodo
507 4751 659 4822 loquuntur.
675 4752 720 4807 Sic
743 4751 894 4806 llrationale
943 4764 1022 4818 quam
1038 4755 1209 4819 antiquorum
1221 4765 1262 4807 est
1276 4757 1320 4822 qui
1340 4755 1442 4824 lapsum
1463 4753 1580 4810 Simonis
1593 4755 1735 4825 blupimn·

96 4821 240 4878 Gctlticum
268 4821 334 4892 Pap.
350 4823 411 4890 iil,
426 4832 492 4879 orut.
505 4825 544 4894 l),
560 4833 589 4878 et
603 4823 732 4878 verbatim
748 4822 773 4875 ln
787 4821 893 4875 Brevia·
944 4836 1022 4887 uuanu
1036 4819 1151 4876 iabulaut
1176 4823 1309 4890 rejecerit.
1331 4828 1382 4888 At,
1407 4823 1531 4896 inquiunt
1546 4827 1680 4896 (Cetrium,
1701 4829 1737 4882 od

96 4895 138 4948 rio
153 4825 324 4948 nurenberc
338 4893 453 4963 legitur:
466 4891 773 4956 Domiuelesub'lriste,
790 4893 834 4962 qui
848 4892 895 4945 nd·
945 4906 1008 4978 cap..
1027 4893 1115 4976 W'
1144 4905 1168 4975 ut
1194 4891 1283 4949 Cenat.
1309 4897 1416 4964 upote),
1441 4883 1738 4980 sattctus‘Attqnstinus

96 4961 896 5104 tiatatttii”aattttltl'latitaltttti
946 4963 1236 5092 lltttutlullttli·
1252 4965 1738 5108 lllr‘ltltlltiililtutus

99 5106 477 5179 apostolicoaredepremptm.
498 5121 543 5160 trec
562 5105 827 5174 nequiticmuloruat‚
851 5120 897 5159 rtec
946 5106 1031 5159 sancti
1054 5104 1127 5160 Petri
1152 5119 1213 5163 cum
1239 5105 1349 5165 Simone
1375 5110 1451 5177 blasto
1475 5105 1597 5175 traditur.
1618 5113 1738 5180 quamvls

101 5176 212 5230 rmsstin
222 5175 410 5244 pussitobsiare
420 5191 565 5248 meyerum,
576 5177 637 5230 dunt
649 5175 779 5231 Simonem
790 5175 897 5246 liupuni
947 5175 1081 5230 contrariu
1097 5177 1131 5230 sit
1146 5177 1321 5245 plurirnnrtun
1340 5180 1442 5250 opinio.
1453 5181 1506 5236 Sed
1525 5195 1618 5237 resera
1634 5183 1738 5238 diuersa

103 5243 198 5300 Petrus
218 5247 316 5318 dejicit,
337 5256 362 5302 et
380 5247 493 5302 illimem
508 5244 608 5300 Paulus
630 5253 742 5300 cecitate
762 5251 897 5314 percussit,
947 5255 990 5300 est
1006 5248 1115 5301 omnino
1129 5263 1205 5303 meus
1220 5250 1306 5304 sancti
1323 5253 1471 5322 Augustini,
1495 5261 1523 5308 ut
1544 5252 1681 5322 epistolam
1701 5251 1739 5306 ci·

102 5317 192 5371 udesto
212 5319 301 5385 nouis.
324 5326 379 5373 ete.
406 5319 452 5374 Sic
473 5327 582 5372 sautctus
606 5316 772 5382 Ambrosius,
789 5329 898 5373 sanctus
949 5326 1041 5380 tatum.
1058 5334 1084 5371 u.
1100 5317 1146 5384 tt.
1165 5315 1261 5388 tonsuri
1278 5320 1387 5389 patebit.
1405 5323 1498 5377 Tradit
1512 5324 1618 5392 quidem
1633 5333 1739 5378 stactus

103 5389 277 5456 depretiant,
285 5387 503 5443 etTheodoretus
512 5385 598 5459 (liter.
609 5385 704 5440 Frbul.
717 5387 761 5440 lib.
771 5402 779 5441 ι
790 5385 868 5442 lomi
877 5387 897 5458 ),
949 5387 1042 5443 doctor
1051 5387 1304 5445 llnmannrumalins
1312 5407 1441 5459 asserere,
1453 5395 1520 5456 ulios
1528 5406 1627 5462 negare
1638 5407 1738 5450 tttoreut

103 5473 163 5512 curn
175 5456 415 5513 dixissetsuactum
428 5457 534 5514 coruus
547 5458 657 5511 llnmam
668 5471 751 5526 nuque
762 5457 898 5513 Simonem
949 5474 1045 5522 sutura,
1069 5459 1207 5528 jejunandi
1227 5461 1270 5516 die
1292 5462 1418 5528 annuant,
1447 5463 1562 5532 oepit-so
1582 5463 1684 5518 initium
1705 5462 1740 5518 sb

105 5527 210 5596 llaputtt
221 5527 369 5582 insecutum
382 5543 451 5597 esse,
461 5529 601 5598 acsrttttdt'a
614 5543 671 5582 eura
680 5527 771 5596 peanis
780 5531 899 5592 nudasse,
950 5544 983 5584 eo
994 5529 1096 5596 jeiuuio
1106 5532 1176 5598 quoti
1190 5545 1251 5585 eum
1264 5531 1371 5589 Sitnntte
1391 5535 1467 5603 ltaqn
1480 5533 1524 5588 tlte
1538 5533 1671 5588 {lominica
1682 5546 1738 5590 ccr-

104 5597 218 5654 subdit:
244 5595 392 5654 videntibus
406 5597 541 5664 lismoaii,
557 5613 650 5670 muqau
671 5599 745 5652 ilium
766 5613 799 5654 ec
813 5600 901 5653 altitu·
951 5609 1066 5666 taturus,
1079 5609 1187 5656 sattctns
1202 5603 1297 5658 Petrus
1313 5605 1396 5671 pridie
1410 5607 1458 5659 toti
1477 5605 1602 5660 Ecclesiae
1615 5601 1741 5660 liotnstne

105 5669 166 5722 oue
178 5669 296 5739 precibus
318 5671 375 5740 quis
392 5669 543 5736 deterioris,
558 5679 763 5738 spectatoresque
783 5669 902 5732 musculi
951 5670 1098 5735 inditorum
1113 5679 1140 5724 at
1164 5672 1257 5732 nullibi
1284 5675 1380 5729 asserit
1397 5674 1544 5744 qtteunlibct
1557 5673 1740 5732 llotnancrum

105 5739 139 5790 ud
149 5740 260 5794 salutent
273 5741 404 5808 perducit.
419 5740 507 5808 Aliqui
527 5741 560 5794 de
573 5738 649 5807 llspo
662 5739 772 5794 Sitnotte
786 5740 902 5810 loqunn·
952 5748 1088 5796 certamen
1103 5743 1187 5798 suutcti
1201 5742 1273 5800 Petri
1293 5758 1354 5802 cum
1376 5745 1487 5803 Simone
1501 5745 1575 5819 liupo
1586 5745 1681 5806 lubum
1696 5746 1741 5804 lic·

106 5820 149 5863 tur
163 5823 195 5866 sc
209 5809 233 5865 si
252 5811 382 5868 contiuuo
404 5811 431 5867 in
454 5819 553 5868 terrsm
568 5811 694 5868 decidens
714 5808 833 5880 perierit.
857 5811 902 5868 Sic
953 5811 1084 5879 totumue,
1097 5821 1197 5883 putare.
