3908 6312
98 419 156 473 aas
534 413 704 471 eucerius.
721 415 766 470 un
786 414 886 472 cono.
909 415 1049 474 otuunu.
1062 417 1324 478 ructaremus.
1679 389 1747 485 ust'

99 521 261 592 surperbiam
283 521 309 576 in
326 519 513 592 cogitatione,
538 526 719 594 suggestione,
745 539 891 591 conusensu,
909 531 931 590 Α
947 528 1019 593 Fiat,
1034 530 1158 598 murone,
1182 533 1366 590 misericordia
1391 541 1436 589 tua
1464 551 1547 607 suuper
1574 551 1632 593 nos.
1656 538 1733 598 Sicut

98 615 196 668 verbis
219 621 247 668 et
268 627 360 684 opere.
383 611 518 682 Deprecor
543 629 600 678 uos,
624 623 710 682 orate,
729 631 778 686 pro
797 617 895 673 nrisero
946 617 1114 686 speravimus
1140 625 1167 674 tn
1193 629 1229 674 te.
1250 621 1410 678 Sacerdotes
1432 624 1469 678 tui
1491 624 1638 682 induamur
1651 627 1733 697 justi·

98 717 257 778 peccatore.
947 708 1022 762 tiam.
1040 709 1167 766 Etsancti
1183 712 1220 765 tni
1237 713 1382 768 cssulteut.
1394 713 1469 770 blitto
1483 715 1534 782 cis,
1549 716 1673 781 Domine,
1686 735 1733 774 au·

137 797 288 852 Absolutio.
303 796 464 854 iiisereatur
480 799 560 854 rostri
581 800 896 870 omnimembrorum
945 799 1040 856 sitium
1063 801 1097 856 de
1121 811 1228 858 sancto.
1251 803 1284 858 Et
1297 805 1331 861 de
1355 805 1420 861 Sion
1440 817 1514 862 tuere
1536 823 1592 864 eos.
1610 809 1731 876 Domine.

98 886 227 940 dimittat
243 887 422 942 nobisomnia
438 897 548 958 peccata
564 894 652 945 uestra
669 892 816 960 preterita,
830 908 896 963 prae·
944 891 1042 946 exoudi
1069 893 1218 950 orationem
1246 911 1344 950 meam.
1370 897 1404 952 Bt
1429 897 1533 954 clanror
1555 915 1630 956 meus
1649 904 1682 958 ad
1706 913 1733 958 te

99 977 236 1032 sentinet
252 977 647 1044 lutura,iiberetvosabomni
664 981 896 1044 malo,conseruet
946 983 1046 1038 veniat.
1070 981 1146 1038 l'sol.
1175 985 1315 1041 Miserere.
1338 987 1500 1057 Capitulum.
1526 990 1638 1047 Domine
1660 993 1732 1049 Dens

100 1075 130 1122 ct
143 1068 287 1124 corturmet
300 1077 328 1126 et
342 1069 501 1127 corroboret
520 1086 569 1127 uos
589 1072 615 1126 ia
638 1073 710 1127 omui
722 1077 893 1144 operabouo,
943 1073 1087 1140 virtutum,
1115 1084 1243 1132 converte
1265 1091 1324 1132 nos.
1353 1077 1469 1134 Ostende
1482 1079 1578 1135 taciem
1595 1091 1681 1148 tuam,
1704 1091 1733 1139 ct

100 1168 130 1214 et
145 1159 281 1228 perducat
302 1175 351 1217 ros
366 1161 400 1216 ad
420 1162 503 1219 uitam
517 1171 658 1218 aeternam.
673 1163 769 1220 Arnen.
944 1163 1009 1219 salui
1024 1165 1135 1220 orimus.
1155 1167 1284 1223 Dominus
1300 1169 1450 1224 uoiriscum.
1474 1169 1507 1224 Et
1523 1185 1595 1227 cunr.

138 1249 303 1320 capitulum.
323 1253 456 1310 mouente
472 1270 532 1320 nos,
553 1255 626 1310 Deus
646 1253 774 1310 salutaris
792 1263 892 1312 noster.
980 1257 1081 1312 Oratio.
1104 1259 1233 1316 Matutino
1258 1262 1409 1333 supplicum
1432 1274 1508 1332 uota,
1531 1265 1654 1330 Domine,
1670 1281 1733 1337 pro·

100 1341 136 1396 Bt
158 1352 252 1398 averte
265 1344 333 1398 iram
350 1353 422 1399 tuam
438 1359 452 1398 a
468 1345 557 1400 nobis.
574 1345 700 1415 Dignare,
714 1345 836 1426 Domitio,
852 1347 895 1402 dio
944 1351 1026 1420 pitius
1043 1351 1158 1412 intuere,
1176 1361 1203 1407 ct
1217 1354 1322 1410 occulta
1338 1355 1427 1410 cordis
1449 1358 1533 1412 nostri
1548 1359 1665 1414 remedio
1680 1365 1732 1414 tuae

101 1433 167 1488 isto.
188 1434 252 1488 Sine
272 1443 384 1503 peccato
399 1450 448 1491 nos
462 1436 609 1494 custodire.
620 1435 690 1500 utut,
704 1434 827 1502 Domine,
841 1437 893 1491 rni-
943 1441 1187 1513 clariilmoictatis,
1199 1453 1228 1498 ut
1242 1445 1375 1500 desideria
1389 1448 1531 1502 tenebrosa
1543 1464 1596 1502 non
1612 1459 1730 1516 teneant,

100 1525 254 1582 sericordia
276 1534 319 1581 tua
334 1541 416 1596 super
430 1540 490 1583 nos.
512 1525 590 1582 Sicut
614 1527 782 1596 speravimus
806 1527 833 1582 in
855 1535 891 1582 te.
943 1546 1011 1600 qrros
1033 1531 1079 1586 lux
1099 1532 1218 1588 colestia
1239 1534 1333 1604 gratiae
1355 1536 1489 1606 reparavit
1511 1537 1590 1593 iesus
1609 1538 1732 1596 Christus

99 1618 268 1677 Sacerdotes
293 1621 330 1676 tui
356 1621 502 1678 induantur
522 1621 666 1694 justitiam.
687 1623 721 1678 tit
740 1624 825 1678 sancti
855 1625 892 1678 tui
942 1621 1037 1690 Filius,
1051 1630 1104 1678 etr..

97 1711 248 1767 essrtltent.
263 1711 337 1768 bitae
351 1713 400 1777 eis,
416 1711 538 1775 Domine,
553 1713 681 1769 auxilinm
692 1713 726 1770 de
740 1725 845 1773 sancto.
861 1715 893 1770 Et
978 1701 1113 1784 suffronio
1130 1724 1292 1780 sanctorum,
1311 1733 1371 1788 que
1392 1719 1517 1772 dicontur
1534 1720 1733 1791 omnitempore

99 1801 135 1858 de
163 1803 229 1858 Sion
256 1813 330 1858 tuere
354 1817 412 1860 eos.
446 1803 575 1872 Domine,
611 1804 708 1860 exaundi
741 1805 891 1860 orationem
943 1803 1055 1871 exceptio
1083 1803 1156 1872 sestis
1189 1804 1343 1862 Natiuitatis
1370 1806 1486 1872 Domini,
1515 1807 1732 1879 Resurrectionis,

99 1907 204 1949 meam.
223 1893 257 1950 tir
281 1894 384 1949 clamor
401 1910 478 1950 meus
493 1895 526 1950 ad
553 1904 578 1950 te
604 1896 704 1951 ueniat.
728 1893 890 1964 Symbolum.
908 1865 1117 1960 BAscenriouis,
1135 1905 1159 1950 et
1182 1892 1346 1952 Pentecosten
1364 1907 1389 1952 et
1404 1899 1502 1953 octaris
1529 1915 1631 1954 earnm.
1656 1901 1733 1955 Auti-

98 1983 262 2054 Quicunqne
280 1983 338 2039 uuit
360 1985 451 2041 saluus
473 2001 544 2042 esse.
570 1985 731 2056 Capitulum.
747 1987 891 2042 Benedicat
941 1983 1029 2052 pitorio
1046 1983 1078 2037 de
1096 2001 1181 2038 amre.
1196 1984 1250 2040 Nos
1264 1993 1352 2041 atrtcm
1368 1986 1476 2056 gloriari
1492 1996 1598 2058 oportet
1613 1991 1639 2044 in
1650 2005 1732 2046 crucc

98 2089 151 2128 uos
163 2071 247 2138 Deos,
266 2074 338 2131 Deus
350 2083 452 2138 noster,
469 2076 611 2131 benedicat
625 2091 673 2130 nas
689 2074 770 2138 Deus,
793 2087 821 2132 et
835 2093 892 2131 me·
942 2072 1047 2127 Domini
1067 2073 1152 2128 nostri
1172 2072 1236 2129 iesu
1252 2072 1365 2130 Christi.
1382 2074 1479 2131 Dinnis
1494 2085 1575 2140 terra,
1590 2087 1643 2134 ctc.

98 2172 253 2220 tuanieum
273 2179 368 2220 ornnes
388 2166 560 2222 linosterrae.
584 2164 714 2222 Dominus
741 2166 889 2222 uobiscum.
977 2161 1080 2218 Oratio.
1108 2162 1210 2218 Adesto
1233 2164 1322 2230 nobis,
1348 2179 1520 2232 quaesumus,
1551 2166 1678 2232 Domine,
1705 2175 1732 2223 ct

97 2257 133 2310 Bt
155 2271 217 2312 curn
236 2255 331 2325 spiritu
349 2264 405 2311 tuo.
433 2256 526 2311 Oratio
541 2256 630 2311 codem
649 2273 708 2328 ortu
732 2257 842 2311 babetur
863 2257 890 2312 in
941 2269 1008 2325 quus
1024 2265 1124 2311 sartctaa
1144 2257 1234 2312 crucis
1252 2256 1336 2312 laetari
1351 2255 1419 2312 lacis
1441 2256 1556 2323 bonore,
1578 2259 1637 2328 ejus
1664 2274 1733 2329 quo·

96 2347 177 2402 editis
190 2347 217 2400 in
231 2345 297 2416 sesto
311 2345 458 2402 Trinitatis.
942 2360 995 2416 quc
1011 2346 1148 2415 perpetuis
1166 2345 1279 2401 deiende
1296 2344 1432 2400 subsidiis.
1451 2346 1512 2401 Per.

134 2435 891 2506 Postlectionemrsmctaiiaria,leniturbucrubrica:
975 2435 1125 2504 Antiniana
1162 2436 1194 2490 de
1222 2437 1297 2490 beato
1328 2435 1426 2490 Dorio.
1462 2436 1549 2492 Mater
1571 2447 1598 2493 et
1620 2438 1730 2508 innupto

96 2525 215 2584 Prioaris
233 2527 323 2583 diebus
338 2529 443 2583 dicotur
456 2528 499 2583 lde
513 2539 552 2584 ter
567 2543 576 2582 .·
590 2529 662 2584 Deus
682 2530 708 2583 in
726 2527 890 2598 adjutorium
943 2524 1020 2594 uirgo
1036 2524 1169 2596 gtoriosa,
1192 2525 1296 2598 Regina
1311 2527 1414 2593 mundi,
1435 2527 1572 2582 intercede
1589 2544 1639 2598 pro
1653 2531 1731 2585 nobis

95 2633 190 2676 meum
205 2619 324 2686 intende,
344 2635 404 2674 curu
419 2619 519 2675 Gloria.
940 2615 974 2669 ad
996 2613 1138 2670 Dominum
1159 2615 1243 2671 Deum
1266 2627 1399 2672 nostmm.
1419 2616 1532 2684 Diliusa,
1561 2628 1615 2673 etc.
1639 2619 1732 2675 Oratio

132 2709 176 2764 Ad
195 2708 389 2780 completorium
411 2711 511 2774 omnio,
538 2720 566 2764 ot
585 2711 611 2764 iu
632 2709 817 2776 colliumque
842 2707 888 2780 qui
943 2703 1128 2760 Famuiorum.

94 2799 164 2856 iecit
177 2799 275 2856 coeium
298 2807 326 2854 et
347 2809 460 2854 terram.
473 2798 635 2869 Capitulum.
649 2797 821 2854 Cooutemini
838 2799 890 2855 Do·
975 2794 1124 2864 Antipbono
1134 2797 1166 2850 da
1176 2807 1265 2853 sancto
1278 2795 1412 2852 Dicbacli.
1428 2795 1540 2853 blicirael
1556 2797 1730 2871 archangele,

94 2891 172 2946 mino
189 2889 315 2961 quioniam
332 2891 429 2946 bonus
448 2888 580 2957 Quoniam
600 2889 627 2943 in
644 2889 770 2944 secudum
784 2889 891 2944 miseri·
940 2889 1001 2944 rcni
1019 2887 1046 2944 in
1071 2889 1235 2958 arijutorium
1259 2889 1350 2960 nourrii
1373 2889 1431 2944 Dei.
1458 2888 1487 2944 lo
1510 2899 1654 2958 conspectu
1680 2905 1731 2946 an·

94 2979 268 3048 corliaejus.
279 2977 416 3050 Confessio
429 2987 453 3034 et
470 2977 599 3034 absolutio
610 2988 637 3032 ut
653 2993 743 3049 aspro.
756 2978 890 3035 Converte
939 2977 1069 3049 eclanum.
1084 2977 1187 3033 Oratio.
1204 2979 1275 3034 Deus
1287 2979 1332 3048 qtti
1350 2979 1419 3034 mira
1439 2980 1544 3034 orrliue.

94 3087 149 3127 uos
174 3071 254 3136 Deus,
280 3077 344 3136 elo..
374 3086 456 3142 usque
480 3071 516 3124 orl
540 3069 695 3140 surrrbolum.
724 3067 886 3137 Capitulum.
974 3065 1124 3134 Antiniana
1140 3063 1441 3120 desarrctoBenedicto.
1463 3063 1524 3118 Fuit
1540 3064 1582 3118 uir
1602 3065 1663 3120 ritre
1685 3079 1732 3122 se·

93 3159 259 3216 Benedictus
279 3175 321 3225 es,
339 3159 452 3214 Domine
472 3167 579 3228 patruum
601 3165 765 3214 nostrorum.
783 3158 816 3213 Bt
831 3157 924 3252 lau·c
940 3153 1068 3209 necabitis
1079 3153 1335 3224 gratioBenedictns
1349 3160 1377 3207 et
1393 3151 1511 3207 nantino.
1527 3151 1564 3208 Os
1573 3151 1649 3220 iusti.
1664 3151 1731 3208 Dro-

93 3249 197 3306 doinilis
210 3258 238 3304 et
253 3247 387 3316 gloriosus
402 3247 429 3302 in
444 3247 552 3304 saecula.
571 3248 767 3304 Benedicamus
779 3246 887 3303 Patrem
940 3247 987 3301 tio.
1001 3245 1172 3302 intercessio.

91 3335 235 3394 etlilium
250 3350 311 3392 curn
324 3345 419 3393 sancto
434 3335 546 3408 Spiritu.
567 3336 722 3394 Laudemus
747 3346 775 3394 et
795 3353 890 3409 super·
973 3336 1123 3408 Antiplnono
1140 3337 1273 3391 darancio
1293 3334 1398 3390 Ioanne
1415 3334 1545 3406 Baptista.
1561 3337 1633 3392 luter
1651 3347 1731 3392 natos

92 3429 319 3484 exaltemuseum
345 3427 372 3484 in
395 3429 502 3486 secula.
525 3429 687 3485 Benedictus
705 3445 735 3486 es
751 3432 777 3487 itt
798 3429 889 3486 Arma·
939 3429 1082 3486 mulierum
1104 3444 1158 3484 non
1174 3427 1292 3485 surrexit
1306 3425 1393 3496 major
1406 3426 1510 3484 loanoe
1526 3428 1656 3508 Baptista.
1678 3426 1730 3483 iu·

93 3526 189 3574 mento
208 3517 280 3574 coeii.
306 3517 340 3573 Et
361 3517 503 3575 laudabilis
523 3528 552 3575 et
572 3518 706 3590 gloriosus
726 3519 753 3574 in
778 3519 886 3576 soectria.
939 3533 997 3578 stus
1013 3531 1044 3578 ut
1063 3519 1163 3593 palma.
1181 3519 1284 3575 Brutia.
1300 3519 1374 3576 Beati
1393 3519 1507 3576 tasonis
1526 3520 1652 3590 Baptista
1669 3537 1729 3587 nos,

94 3608 244 3664 Benedicat
260 3621 309 3663 nos
334 3608 506 3679 omnipotens
528 3606 610 3665 Deus.
635 3609 734 3665 Amen.
760 3609 887 3680 Dignam,
938 3627 1103 3683 otiosumne,
1137 3610 1271 3676 Domine,
1296 3610 1426 3680 preclara
1453 3609 1600 3667 coniitctnr
1629 3615 1728 3676 oratio,

96 3699 221 3763 Domine,
245 3709 324 3755 nocte
343 3699 405 3755 ista.
433 3697 498 3755 Sine
526 3709 639 3770 peccato
665 3715 714 3757 uos
741 3703 886 3758 custodire.
938 3715 1019 3770 ortem
1036 3709 1180 3756 uenturum
1198 3697 1407 3768 cssepraedinit,
1432 3707 1526 3765 noscat
1542 3699 1731 3770 nobisioscre

95 3789 169 3854 Biat,
196 3789 321 3856 Domine,
345 3791 530 3846 misericordia
549 3799 594 3846 tua
622 3807 704 3860 super
727 3807 787 3847 nos.
812 3792 889 3849 Sicut
938 3792 1073 3864 placatum
1088 3789 1225 3846 Christum
1240 3789 1382 3844 Dominum
1400 3797 1534 3845 rtostrum.

95 3879 267 3949 speravimus
298 3880 325 3935 in
347 3889 384 3936 tc.
410 3880 572 3936 Sacerdotes
588 3881 625 3936 tui
643 3881 790 3938 induantur
806 3885 888 3953 justi·
973 3884 1133 3954 Antiniana.
1155 3882 1264 3950 Petrus,
1278 3889 1330 3937 etc.
1358 3881 1462 3936 Oratio.
1487 3879 1601 3948 Praesta,
1624 3897 1729 3953 qttaesu·

96 3972 174 4026 tiam.
191 3969 223 4025 Et
238 3971 324 4026 sancti
351 3971 390 4026 tui
421 3971 566 4026 exsultent.
596 3971 672 4026 blitte
693 3973 744 4040 eis,
763 3974 887 4042 Domine,
939 3987 1009 4037 mus,
1029 3971 1759 4045 omnipotensDeus,utotdlisnosucrmittasocr·⁴

97 4061 229 4116 auxilium
245 4061 279 4116 de
293 4071 398 4118 cando.
413 4061 446 4116 Et
460 4062 493 4116 de
516 4060 581 4116 Sion
600 4069 676 4118 tuere
689 4075 745 4118 eos.
763 4064 887 4132 Domine,
941 4065 1137 4122 turbationibus
1161 4065 1278 4129 concuti,
1299 4080 1367 4138 qttos
1392 4065 1418 4120 in
1449 4067 1603 4136 apostolicae
1622 4067 1731 4124 conice·

96 4153 195 4208 ersndi
209 4152 362 4208 orationem
380 4167 479 4208 meam.
500 4152 534 4208 Et
553 4151 655 4208 clamor
667 4167 743 4210 meos
756 4156 790 4209 ad
806 4165 831 4211 te
842 4170 889 4212 re·
939 4153 1023 4208 sionis
1038 4165 1114 4223 petra
1128 4155 1259 4211 solidasti.
1276 4153 1339 4210 Per.

95 4243 164 4298 nist.
192 4243 304 4300 Domine
328 4243 399 4300 Deus
427 4243 579 4307 uirtutum,
608 4254 735 4302 conuerte
763 4261 823 4302 snos.
854 4247 888 4302 Et
973 4243 1120 4312 Antiniana
1136 4253 1160 4298 u
1173 4245 1256 4298 orario
1275 4244 1307 4297 le
1323 4260 1395 4308 aare,
1412 4253 1439 4297 ar
1461 4245 1487 4299 tn
1504 4245 1591 4298 antris.

94 4331 319 4392 osunuelaciem
336 4344 426 4403 tuom,
446 4337 555 4392 atsatvi
573 4337 688 4393 eritnus.
974 4331 1122 4402 Antipltona
1149 4331 1181 4384 cle
1205 4331 1325 4386 omnibus
1353 4335 1462 4385 sanctis.
1491 4331 1561 4385 iusti
1590 4330 1730 4402 intactum

133 4423 236 4478 Oratio.
252 4422 347 4492 visio,
361 4433 573 4497 etc.,postqnam
589 4437 731 4499 sequuntur
745 4425 886 4484 olicdooe.
938 4424 1009 4480 sicut
1029 4421 1069 4478 sol
1084 4423 1109 4477 in
1125 4435 1209 4493 regno
1228 4421 1317 4477 Patris
1330 4423 1395 4487 mei,
1410 4423 1475 4476 dicit
1492 4421 1630 4477 Dominus.
1644 4421 1729 4476 ilira-

131 4510 561 4584 illumina,qutesumua,Bomine,
570 4503 1001 4583 uertebrasoosiras,etto·1bbilis
1016 4510 1096 4568 Dens.
1119 4511 1147 4566 ln
1172 4511 1273 4568 sanatis
1287 4511 1355 4582 ejus.
1383 4511 1487 4566 Oratio.
1510 4510 1589 4576 Deus,
1613 4511 1659 4581 qui
1680 4525 1732 4568 nos

95 4601 525 4662 tiusnoctisinsidiastuoanobis
538 4607 887 4678 repelieurooitiusausilio.
939 4604 1066 4660 concedis
1083 4601 1170 4659 beata
1190 4602 1282 4660 Mariae
1302 4617 1410 4672 semper
1429 4601 1552 4672 uirginis,
1566 4609 1594 4657 ct
1607 4603 1733 4658 omnium

135 4690 312 4757 Veritatem,
334 4709 501 4764 nuusumus,
522 4695 644 4761 Domine,
662 4706 889 4768 sempermanesr
938 4698 1096 4746 sanctorum
1121 4698 1229 4746 tuorum
1258 4689 1546 4746 commemorationem
1578 4705 1676 4761 agere,
1696 4691 1733 4746 da

97 4779 446 4848 incommemoratum
468 4785 663 4854 norvicensem
680 4797 781 4844 sanctus
798 4789 889 4846 crucis
938 4782 1016 4838 nobis
1042 4782 1069 4837 io
1097 4791 1197 4838 aterna
1222 4781 1391 4840 beatitudine
1415 4781 1449 4838 de
1474 4797 1569 4838 eorum
1599 4782 1735 4838 societate

96 4861 189 4928 omnis
200 4869 305 4928 laisitas
320 4875 422 4930 mltuici
440 4878 604 4932 destruatur.
622 4877 683 4933 Per.
937 4875 1065 4944 gaudere.
1086 4873 1148 4928 Per.

136 4959 199 5018 Post
214 4961 318 5018 Laudes
337 4964 411 5034 sena
430 4968 552 5022 secundae
565 4975 623 5040 poss
635 4969 746 5040 pumma
770 4967 888 5024 Damion·-
974 4962 1014 5016 Ad
1033 4965 1138 5018 tertiam
1151 4967 1260 5033 pouirur
1273 4981 1382 5036 sequens
1399 4965 1494 5020 oratio.
1509 4963 1623 5036 Porrige
1640 4964 1732 5019 dexte-

95 5067 156 5108 sant
179 5053 358 5120 supradictam
381 5055 503 5128 leuantur
521 5058 592 5127 infra
611 5060 719 5126 scripto.
737 5059 888 5130 llaccoui·
937 5069 995 5109 11111
1014 5062 1098 5116 luem.
1115 5070 1280 5126 qttaesumus,
1305 5056 1427 5120 0011111111,
1452 5055 1522 5127 1111111
1550 5066 1602 5109 11113
1623 5053 1731 5108 miseri·

95 5143 154 5196 tulo
167 5143 291 5198 dicontur
304 5147 502 5214 omnitempore
515 5149 605 5204 diebus
618 5149 756 5219 ferialibus
775 5152 810 5206 ad
829 5151 887 5207 lan.
937 5145 1055 5202 cordiam
1066 5146 1213 5215 postulanti
1229 5161 1278 5216 per
1289 5161 1369 5216 quam
1386 5157 1413 5202 et
1428 5161 1535 5200 errores
1549 5143 1665 5200 declinet
1679 5143 1728 5198 un-

94 5233 153 5297 det.
173 5233 208 5288 od
229 5235 342 5302 tertiam,
359 5246 384 5292 et
401 5238 436 5292 ad
449 5255 594 5309 uesperum,
609 5257 668 5298 cam
681 5241 885 5308 brimoniacum,
937 5250 1047 5299 manos,
1080 5244 1108 5290 ct
1137 5235 1235 5291 solatia
1260 5237 1322 5291 uitro
1345 5237 1508 5292 immortalis
1535 5235 1668 5303 accipiat,
1700 5242 1728 5290 et

95 5322 178 5378 Deus.
200 5323 360 5396 Aduioilins
383 5343 442 5382 uero
462 5329 497 5384 ad
511 5339 623 5396 sestam,
644 5339 668 5385 et
683 5347 779 5388 nonam
793 5333 886 5386 diruu-
936 5325 1101 5395 sertrpitcrua
1115 5325 1212 5396 gaudia
1228 5327 1449 5397 conorctrcotat.
1466 5324 1527 5380 Per·

98 5421 144 5464 lut
159 5415 215 5468 tt'ue
228 5413 356 5471 Miserere
371 5417 436 5483 mci,
450 5417 530 5474 Deus.
546 5418 628 5491 Kyrle
641 5419 754 5488 eleison,
767 5421 884 5488 Christe,
971 5417 1011 5471 Ad
1031 5428 1132 5472 sectatu
1148 5419 1242 5475 oratio.
1257 5417 1361 5474 rixandi
1375 5433 1434 5480 nos,
1448 5415 1518 5470 Dcus
1528 5414 1656 5470 saluuuis
1668 5431 1728 5470 uns·

94 5501 209 5570 eleison,
234 5504 315 5576 iiyrie
340 5507 452 5564 eleison.
482 5509 563 5566 Pater
576 5519 678 5566 noster.
700 5511 734 5566 Bt
760 5527 794 5568 ne
819 5529 882 5568 ruas.
936 5524 987 5574 ter,
1001 5519 1029 5567 et
1043 5511 1102 5566 dies
1119 5519 1229 5567 nostros
1249 5511 1275 5566 in
1293 5519 1339 5565 tua
1367 5521 1433 5579 pace
1455 5507 1577 5578 dispone,
1592 5516 1621 5562 ot
1634 5523 1649 5562 a
1663 5523 1728 5564 crm·

95 5593 260 5666 Capitulum.
277 5597 333 5672 Ego
347 5601 402 5656 dixi
416 5619 423 5655 :
436 5600 560 5667 Domine,
577 5603 706 5658 miserere
727 5603 789 5658 mei.
812 5603 884 5660 Sana
935 5605 985 5660 ctis
1004 5603 1253 5673 perturbationibus
1271 5601 1375 5656 liberati
1396 5601 1543 5670 tranquilia
1565 5601 1611 5657 tibi
1640 5599 1712 5656 serui

94 5687 215 5744 animam
234 5706 340 5762 meam,
360 5695 423 5764 auia
438 5696 546 5766 peccari
570 5696 628 5751 tibi.
640 5695 814 5763 monestere,
833 5698 885 5754 Do·
936 5694 1257 5752 terciumdecimum.

93 5777 179 5848 mirre,
190 5779 396 5854 abnuantulunt.
409 5783 443 5844 Et
454 5786 603 5848 dearecore
617 5799 802 5858 superserunt
814 5797 883 5845 tuos.
971 5787 1012 5840 Ad
1046 5801 1142 5844 nonant
1170 5785 1265 5842 oratio.
1301 5783 1358 5850 Da,
1393 5795 1569 5853 erueremus,
1603 5782 1725 5850 Domine,
1796 5807 1799 5812 ·
