<?xml version="1.0" encoding="UTF-8"?>
<!DOCTYPE html PUBLIC "-//W3C//DTD XHTML 1.0 Transitional//EN"
    "http://www.w3.org/TR/xhtml1/DTD/xhtml1-transitional.dtd">
<html xmlns="http://www.w3.org/1999/xhtml" xml:lang="en" lang="en">
 <head>
  <title>
</title>
<meta http-equiv="Content-Type" content="text/html;charset=utf-8" />
  <meta name='ocr-system' content='tesseract 3.04.00' />
  <meta name='ocr-capabilities' content='ocr_page ocr_carea ocr_par ocr_line ocrx_word'/>
</head>
<body>
  <div class='ocr_page' id='page_1' title='image "./liturgiamozarab01churgoog/liturgiamozarab01churgoog_0480.png"; bbox 0 0 3964 6306; ppageno 0'>
   <div class='ocr_carea' id='block_1_1' title="bbox 100 327 1763 394">
    <p class='ocr_par' dir='ltr' id='par_1_1' title="bbox 100 327 1763 394">
     <span class='ocr_line' id='line_1_1' title="bbox 100 327 1763 394; baseline -0.003 -4"><span class='ocrx_word' id='word_1_1' title='bbox 100 335 183 394; x_wconf 69' lang='lat'>880</span> <span class='ocrx_word' id='word_1_2' title='bbox 500 329 645 390; x_wconf 69' lang='lat' dir='ltr'>mutatu</span> <span class='ocrx_word' id='word_1_3' title='bbox 665 331 801 390; x_wconf 65' lang='lat' dir='ltr'>lllx&#39;lllss</span> <span class='ocrx_word' id='word_1_4' title='bbox 819 329 894 390; x_wconf 77' lang='lat' dir='ltr'>SEG.</span> <span class='ocrx_word' id='word_1_5' title='bbox 917 327 999 388; x_wconf 79' lang='lat' dir='ltr'>REG.</span> <span class='ocrx_word' id='word_1_6' title='bbox 1020 329 1051 388; x_wconf 80' lang='lat' dir='ltr'>B.</span> <span class='ocrx_word' id='word_1_7' title='bbox 1070 329 1207 390; x_wconf 82' lang='lat' dir='ltr'>istituttt.</span> <span class='ocrx_word' id='word_1_8' title='bbox 1225 357 1259 372; x_wconf 90' lang='lat'>-·</span> <span class='ocrx_word' id='word_1_9' title='bbox 1274 328 1364 390; x_wconf 72' lang='lat' dir='ltr'>PARS</span> <span class='ocrx_word' id='word_1_10' title='bbox 1383 329 1414 386; x_wconf 89' lang='lat' dir='ltr'>lt.</span> <span class='ocrx_word' id='word_1_11' title='bbox 1709 329 1763 385; x_wconf 72' lang='grc'>890</span> 
     </span>
    </p>
   </div>
   <div class='ocr_carea' id='block_1_2' title="bbox 101 443 1773 5739">
    <p class='ocr_par' dir='ltr' id='par_1_2' title="bbox 101 443 1773 5739">
     <span class='ocr_line' id='line_1_2' title="bbox 101 443 1761 518; baseline 0 -14"><span class='ocrx_word' id='word_1_12' title='bbox 101 453 184 507; x_wconf 82' lang='lat' dir='ltr'>mul</span> <span class='ocrx_word' id='word_1_13' title='bbox 197 460 225 508; x_wconf 94' lang='lat' dir='ltr'>et</span> <span class='ocrx_word' id='word_1_14' title='bbox 243 449 340 506; x_wconf 87' lang='lat' dir='ltr'>arentis</span> <span class='ocrx_word' id='word_1_15' title='bbox 365 465 374 506; x_wconf 84' lang='lat' dir='ltr'>r</span> <span class='ocrx_word' id='word_1_16' title='bbox 396 454 425 504; x_wconf 91' lang='lat' dir='ltr'>ut</span> <span class='ocrx_word' id='word_1_17' title='bbox 439 445 485 517; x_wconf 81' lang='lat' dir='ltr'>gui</span> <span class='ocrx_word' id='word_1_18' title='bbox 500 459 513 486; x_wconf 84' lang='lat'><strong>¹</strong></span> <span class='ocrx_word' id='word_1_19' title='bbox 528 449 556 503; x_wconf 91' lang='lat' dir='ltr'>iu</span> <span class='ocrx_word' id='word_1_20' title='bbox 578 462 671 504; x_wconf 88' lang='lat' dir='ltr'>oerum</span> <span class='ocrx_word' id='word_1_21' title='bbox 696 449 809 504; x_wconf 85' lang='lat' dir='ltr'>babetm</span> <span class='ocrx_word' id='word_1_22' title='bbox 821 457 914 502; x_wconf 90' lang='lat' dir='ltr'>auctor</span> <span class='ocrx_word' id='word_1_23' title='bbox 929 449 956 511; x_wconf 76' lang='grc' dir='ltr'><strong>Α</strong></span> <span class='ocrx_word' id='word_1_24' title='bbox 970 447 1020 503; x_wconf 88' lang='lat' dir='ltr'>tnis</span> <span class='ocrx_word' id='word_1_25' title='bbox 1031 457 1056 503; x_wconf 87' lang='lat' dir='ltr'>et</span> <span class='ocrx_word' id='word_1_26' title='bbox 1070 456 1163 504; x_wconf 87' lang='lat' dir='ltr'>sancte</span> <span class='ocrx_word' id='word_1_27' title='bbox 1177 448 1202 502; x_wconf 92' lang='lat' dir='ltr'>in</span> <span class='ocrx_word' id='word_1_28' title='bbox 1217 447 1341 503; x_wconf 90' lang='lat' dir='ltr'>omnibus</span> <span class='ocrx_word' id='word_1_29' title='bbox 1352 443 1479 518; x_wconf 83' lang='lat' dir='ltr'>oper-ibus</span> <span class='ocrx_word' id='word_1_30' title='bbox 1494 446 1547 502; x_wconf 89' lang='lat' dir='ltr'>tuis</span> <span class='ocrx_word' id='word_1_31' title='bbox 1561 459 1692 502; x_wconf 83' lang='lat' dir='ltr'>:occurre</span> <span class='ocrx_word' id='word_1_32' title='bbox 1710 465 1761 504; x_wconf 90' lang='lat' dir='ltr'>nn·</span> 
     </span>
     <span class='ocr_line' id='line_1_3' title="bbox 102 537 1760 612; baseline 0.001 -19"><span class='ocrx_word' id='word_1_33' title='bbox 102 543 236 598; x_wconf 77' lang='lat' dir='ltr'>victoris</span> <span class='ocrx_word' id='word_1_34' title='bbox 257 540 406 612; x_wconf 72' lang='lat' dir='ltr'><strong>:dignetur</strong></span> <span class='ocrx_word' id='word_1_35' title='bbox 424 553 454 595; x_wconf 90' lang='lat' dir='ltr'>se</span> <span class='ocrx_word' id='word_1_36' title='bbox 472 537 544 609; x_wconf 91' lang='lat' dir='ltr'>pium</span> <span class='ocrx_word' id='word_1_37' title='bbox 563 538 705 595; x_wconf 76' lang='lat' dir='ltr'>ostendere</span> <span class='ocrx_word' id='word_1_38' title='bbox 726 540 849 610; x_wconf 85' lang='lat' dir='ltr'>precibus</span> <span class='ocrx_word' id='word_1_39' title='bbox 869 553 917 594; x_wconf 90' lang='lat' dir='ltr'>uo·</span> <span class='ocrx_word' id='word_1_40' title='bbox 967 539 1008 596; x_wconf 90' lang='lat' dir='ltr'>bis</span> <span class='ocrx_word' id='word_1_41' title='bbox 1024 539 1098 608; x_wconf 88' lang='lat' dir='ltr'>pius:</span> <span class='ocrx_word' id='word_1_42' title='bbox 1111 543 1268 599; x_wconf 83' lang='lat' dir='ltr'>Ssuctmum</span> <span class='ocrx_word' id='word_1_43' title='bbox 1289 550 1395 595; x_wconf 89' lang='lat' dir='ltr'>tuorum</span> <span class='ocrx_word' id='word_1_44' title='bbox 1409 538 1535 611; x_wconf 83' lang='lat' dir='ltr'>Symouis</span> <span class='ocrx_word' id='word_1_45' title='bbox 1554 547 1581 593; x_wconf 89' lang='lat' dir='ltr'>et</span> <span class='ocrx_word' id='word_1_46' title='bbox 1595 537 1663 594; x_wconf 91' lang='lat' dir='ltr'>lude</span> <span class='ocrx_word' id='word_1_47' title='bbox 1686 539 1760 606; x_wconf 74' lang='lat' dir='ltr'>Asu·</span> 
     </span>
     <span class='ocr_line' id='line_1_4' title="bbox 102 627 1757 708; baseline 0.001 -24"><span class='ocrx_word' id='word_1_48' title='bbox 102 631 202 686; x_wconf 82' lang='lat' dir='ltr'>stris.</span> <span class='ocrx_word' id='word_1_49' title='bbox 223 629 257 686; x_wconf 90' lang='lat' dir='ltr'>lli</span> <span class='ocrx_word' id='word_1_50' title='bbox 274 631 345 685; x_wconf 91' lang='lat' dir='ltr'>enim</span> <span class='ocrx_word' id='word_1_51' title='bbox 369 639 433 684; x_wconf 87' lang='lat' dir='ltr'>runt</span> <span class='ocrx_word' id='word_1_52' title='bbox 451 627 601 684; x_wconf 87' lang='lat' dir='ltr'>cbsrissimi</span> <span class='ocrx_word' id='word_1_53' title='bbox 625 646 632 683; x_wconf 90' lang='lat'>:</span> <span class='ocrx_word' id='word_1_54' title='bbox 655 629 789 699; x_wconf 77' lang='lat' dir='ltr'>nisiinter</span> <span class='ocrx_word' id='word_1_55' title='bbox 811 637 917 686; x_wconf 88' lang='lat' dir='ltr'>ceteros</span> <span class='ocrx_word' id='word_1_56' title='bbox 967 630 1096 686; x_wconf 89' lang='lat' dir='ltr'>stolorum</span> <span class='ocrx_word' id='word_1_57' title='bbox 1112 631 1232 708; x_wconf 84' lang='lat' dir='ltr'>solennis</span> <span class='ocrx_word' id='word_1_58' title='bbox 1251 630 1461 687; x_wconf 73' lang='lat' dir='ltr'>celebrantibus.</span> <span class='ocrx_word' id='word_1_59' title='bbox 1485 629 1575 700; x_wconf 80' lang='lat' dir='ltr'>Ecqui</span> <span class='ocrx_word' id='word_1_60' title='bbox 1591 629 1645 684; x_wconf 88' lang='lat' dir='ltr'>illis</span> <span class='ocrx_word' id='word_1_61' title='bbox 1660 629 1757 688; x_wconf 91' lang='lat' dir='ltr'>dedisti</span> 
     </span>
     <span class='ocr_line' id='line_1_5' title="bbox 103 717 1755 793; baseline 0.002 -21"><span class='ocrx_word' id='word_1_62' title='bbox 103 720 285 775; x_wconf 75' lang='lat' dir='ltr'>Sanctorum</span> <span class='ocrx_word' id='word_1_63' title='bbox 296 733 409 788; x_wconf 87' lang='lat' dir='ltr'>aggeres</span> <span class='ocrx_word' id='word_1_64' title='bbox 418 717 445 772; x_wconf 92' lang='lat' dir='ltr'>iu</span> <span class='ocrx_word' id='word_1_65' title='bbox 457 717 579 774; x_wconf 83' lang='lat' dir='ltr'>laudibus</span> <span class='ocrx_word' id='word_1_66' title='bbox 589 729 649 774; x_wconf 86' lang='lat' dir='ltr'>sont</span> <span class='ocrx_word' id='word_1_67' title='bbox 665 720 798 776; x_wconf 85' lang='lat' dir='ltr'>habendi:</span> <span class='ocrx_word' id='word_1_68' title='bbox 815 732 841 776; x_wconf 90' lang='lat' dir='ltr'>ct</span> <span class='ocrx_word' id='word_1_69' title='bbox 852 735 918 776; x_wconf 87' lang='lat' dir='ltr'>cort·</span> <span class='ocrx_word' id='word_1_70' title='bbox 968 729 1127 789; x_wconf 86' lang='lat' dir='ltr'>potestatem</span> <span class='ocrx_word' id='word_1_71' title='bbox 1138 721 1393 793; x_wconf 67' lang='lat' dir='ltr'>ejiciendidemonia</span> <span class='ocrx_word' id='word_1_72' title='bbox 1410 735 1457 792; x_wconf 90' lang='lat' dir='ltr'>per</span> <span class='ocrx_word' id='word_1_73' title='bbox 1471 721 1598 793; x_wconf 88' lang='lat' dir='ltr'>Spiritum</span> <span class='ocrx_word' id='word_1_74' title='bbox 1613 723 1755 778; x_wconf 62' lang='lat' dir='ltr'>&amp;incrinus</span> 
     </span>
     <span class='ocr_line' id='line_1_6' title="bbox 102 808 1756 882; baseline 0.004 -19"><span class='ocrx_word' id='word_1_75' title='bbox 102 809 223 879; x_wconf 76' lang='lat' dir='ltr'>iortuiis</span> <span class='ocrx_word' id='word_1_76' title='bbox 237 810 342 866; x_wconf 64' lang='lat' dir='ltr'>mmiui</span> <span class='ocrx_word' id='word_1_77' title='bbox 358 823 390 866; x_wconf 88' lang='lat' dir='ltr'>sc</span> <span class='ocrx_word' id='word_1_78' title='bbox 410 808 556 866; x_wconf 82' lang='lat' dir='ltr'>Salrataris</span> <span class='ocrx_word' id='word_1_79' title='bbox 574 811 657 866; x_wconf 90' lang='lat' dir='ltr'>nostri</span> <span class='ocrx_word' id='word_1_80' title='bbox 673 809 776 866; x_wconf 91' lang='lat' dir='ltr'>bonore</span> <span class='ocrx_word' id='word_1_81' title='bbox 791 813 917 880; x_wconf 77' lang='lat' dir='ltr'>precipue</span> <span class='ocrx_word' id='word_1_82' title='bbox 968 811 1056 865; x_wconf 77' lang='lat' dir='ltr'>tribue</span> <span class='ocrx_word' id='word_1_83' title='bbox 1080 813 1158 868; x_wconf 89' lang='lat' dir='ltr'>nubis</span> <span class='ocrx_word' id='word_1_84' title='bbox 1172 812 1204 868; x_wconf 89' lang='lat' dir='ltr'>sd</span> <span class='ocrx_word' id='word_1_85' title='bbox 1227 822 1252 866; x_wconf 88' lang='lat' dir='ltr'>te</span> <span class='ocrx_word' id='word_1_86' title='bbox 1275 827 1383 882; x_wconf 83' lang='lat' dir='ltr'>semper</span> <span class='ocrx_word' id='word_1_87' title='bbox 1398 812 1498 868; x_wconf 88' lang='lat' dir='ltr'>babere</span> <span class='ocrx_word' id='word_1_88' title='bbox 1514 825 1561 866; x_wconf 90' lang='lat' dir='ltr'>cnr</span> <span class='ocrx_word' id='word_1_89' title='bbox 1581 812 1706 868; x_wconf 85' lang='lat' dir='ltr'>rrrnndutn</span> <span class='ocrx_word' id='word_1_90' title='bbox 1726 825 1756 870; x_wconf 90' lang='lat' dir='ltr'>et</span> 
     </span>
     <span class='ocr_line' id='line_1_7' title="bbox 103 900 1759 976; baseline 0.002 -18"><span class='ocrx_word' id='word_1_91' title='bbox 103 902 279 959; x_wconf 75' lang='lat' dir='ltr'>celebrandi</span> <span class='ocrx_word' id='word_1_92' title='bbox 295 919 303 956; x_wconf 77' lang='lat' dir='ltr'>t</span> <span class='ocrx_word' id='word_1_93' title='bbox 319 900 334 942; x_wconf 67' lang='lat' dir='ltr'>i</span> <span class='ocrx_word' id='word_1_94' title='bbox 354 901 401 973; x_wconf 82' lang='lat' dir='ltr'>qui</span> <span class='ocrx_word' id='word_1_95' title='bbox 418 901 442 956; x_wconf 87' lang='lat' dir='ltr'>si</span> <span class='ocrx_word' id='word_1_96' title='bbox 462 915 512 973; x_wconf 92' lang='lat' dir='ltr'>pro</span> <span class='ocrx_word' id='word_1_97' title='bbox 537 901 651 958; x_wconf 76' lang='lat' dir='ltr'>bonum</span> <span class='ocrx_word' id='word_1_98' title='bbox 677 917 730 958; x_wconf 92' lang='lat' dir='ltr'>non</span> <span class='ocrx_word' id='word_1_99' title='bbox 752 902 917 958; x_wconf 77' lang='lat' dir='ltr'>interiissent</span> <span class='ocrx_word' id='word_1_100' title='bbox 967 902 1089 968; x_wconf 87' lang='lat' dir='ltr'>spiritum</span> <span class='ocrx_word' id='word_1_101' title='bbox 1105 911 1218 960; x_wconf 89' lang='lat' dir='ltr'>rectum.</span> <span class='ocrx_word' id='word_1_102' title='bbox 1234 903 1317 958; x_wconf 86' lang='lat' dir='ltr'>betur</span> <span class='ocrx_word' id='word_1_103' title='bbox 1331 905 1416 959; x_wconf 88' lang='lat' dir='ltr'>abste</span> <span class='ocrx_word' id='word_1_104' title='bbox 1430 905 1759 976; x_wconf 81' lang='lat' dir='ltr'>siretrtibusamurjusti·</span> 
     </span>
     <span class='ocr_line' id='line_1_8' title="bbox 103 991 1758 1066; baseline 0.002 -17"><span class='ocrx_word' id='word_1_105' title='bbox 103 995 255 1066; x_wconf 76' lang='lat' dir='ltr'>sanguine</span> <span class='ocrx_word' id='word_1_106' title='bbox 268 995 328 1051; x_wconf 87' lang='lat' dir='ltr'>lusu</span> <span class='ocrx_word' id='word_1_107' title='bbox 344 1010 353 1048; x_wconf 79' lang='lat' dir='ltr'>t</span> <span class='ocrx_word' id='word_1_108' title='bbox 368 994 494 1050; x_wconf 79' lang='lat' dir='ltr'>solennes</span> <span class='ocrx_word' id='word_1_109' title='bbox 508 993 673 1050; x_wconf 71' lang='lat' dir='ltr'>haberentur</span> <span class='ocrx_word' id='word_1_110' title='bbox 687 995 793 1050; x_wconf 80' lang='lat' dir='ltr'>bomini</span> <span class='ocrx_word' id='word_1_111' title='bbox 807 995 848 1049; x_wconf 88' lang='lat' dir='ltr'>stri</span> <span class='ocrx_word' id='word_1_112' title='bbox 864 997 916 1050; x_wconf 90' lang='lat' dir='ltr'>do·</span> <span class='ocrx_word' id='word_1_113' title='bbox 967 991 1007 1048; x_wconf 88' lang='lat' dir='ltr'>cie</span> <span class='ocrx_word' id='word_1_114' title='bbox 1020 1009 1025 1044; x_wconf 96' lang='lat'><strong>:</strong></span> <span class='ocrx_word' id='word_1_115' title='bbox 1037 1001 1064 1046; x_wconf 90' lang='lat' dir='ltr'>et</span> <span class='ocrx_word' id='word_1_116' title='bbox 1078 991 1211 1048; x_wconf 79' lang='lat' dir='ltr'>defunctis</span> <span class='ocrx_word' id='word_1_117' title='bbox 1226 1003 1286 1063; x_wconf 89' lang='lat' dir='ltr'>post</span> <span class='ocrx_word' id='word_1_118' title='bbox 1298 996 1451 1050; x_wconf 80' lang='lat' dir='ltr'>evasionem</span> <span class='ocrx_word' id='word_1_119' title='bbox 1467 995 1539 1050; x_wconf 79' lang='lat' dir='ltr'>exilii</span> <span class='ocrx_word' id='word_1_120' title='bbox 1555 996 1660 1052; x_wconf 87' lang='lat' dir='ltr'>:sessio</span> <span class='ocrx_word' id='word_1_121' title='bbox 1681 999 1758 1054; x_wconf 91' lang='lat' dir='ltr'>beate</span> 
     </span>
     <span class='ocr_line' id='line_1_9' title="bbox 104 1081 1758 1157; baseline 0.008 -24"><span class='ocrx_word' id='word_1_122' title='bbox 104 1087 399 1144; x_wconf 58' lang='lat' dir='ltr'>nemorosumque.</span> <span class='ocrx_word' id='word_1_123' title='bbox 420 1085 563 1144; x_wconf 66' lang='lat' dir='ltr'>Sufficiens</span> <span class='ocrx_word' id='word_1_124' title='bbox 582 1088 681 1157; x_wconf 66' lang='lat' dir='ltr'>qnippe</span> <span class='ocrx_word' id='word_1_125' title='bbox 702 1096 761 1143; x_wconf 70' lang='lat' dir='ltr'>enac</span> <span class='ocrx_word' id='word_1_126' title='bbox 781 1087 834 1142; x_wconf 73' lang='lat' dir='ltr'>ittig</span> <span class='ocrx_word' id='word_1_127' title='bbox 855 1105 862 1140; x_wconf 64' lang='grc' dir='ltr'><strong>ι</strong></span> <span class='ocrx_word' id='word_1_128' title='bbox 883 1087 916 1143; x_wconf 66' lang='lat' dir='ltr'>ad</span> <span class='ocrx_word' id='word_1_129' title='bbox 968 1081 1032 1138; x_wconf 85' lang='lat' dir='ltr'>rite.</span> <span class='ocrx_word' id='word_1_130' title='bbox 1048 1084 1097 1151; x_wconf 78' lang='lat' dir='ltr'>Qtri</span> <span class='ocrx_word' id='word_1_131' title='bbox 1112 1085 1139 1138; x_wconf 90' lang='lat' dir='ltr'>in</span> <span class='ocrx_word' id='word_1_132' title='bbox 1155 1087 1296 1153; x_wconf 87' lang='lat' dir='ltr'>temporali</span> <span class='ocrx_word' id='word_1_133' title='bbox 1311 1095 1470 1156; x_wconf 86' lang='lat' dir='ltr'>permanent</span> <span class='ocrx_word' id='word_1_134' title='bbox 1484 1089 1538 1144; x_wconf 81' lang='lat' dir='ltr'>rita</span> <span class='ocrx_word' id='word_1_135' title='bbox 1552 1107 1559 1145; x_wconf 92' lang='lat'><strong>:</strong></span> <span class='ocrx_word' id='word_1_136' title='bbox 1573 1089 1678 1145; x_wconf 90' lang='lat' dir='ltr'>iliarum</span> <span class='ocrx_word' id='word_1_137' title='bbox 1695 1105 1758 1147; x_wconf 87' lang='lat' dir='ltr'>aar·</span> 
     </span>
     <span class='ocr_line' id='line_1_10' title="bbox 105 1173 1759 1249; baseline 0.001 -15"><span class='ocrx_word' id='word_1_138' title='bbox 105 1179 274 1236; x_wconf 74' lang='lat' dir='ltr'>sanctitatis</span> <span class='ocrx_word' id='word_1_139' title='bbox 294 1179 401 1236; x_wconf 86' lang='lat' dir='ltr'>culmen</span> <span class='ocrx_word' id='word_1_140' title='bbox 416 1178 474 1249; x_wconf 90' lang='lat' dir='ltr'>ipss</span> <span class='ocrx_word' id='word_1_141' title='bbox 489 1177 616 1249; x_wconf 83' lang='lat' dir='ltr'>ireqneus</span> <span class='ocrx_word' id='word_1_142' title='bbox 636 1178 740 1234; x_wconf 87' lang='lat' dir='ltr'>botuini</span> <span class='ocrx_word' id='word_1_143' title='bbox 752 1179 819 1234; x_wconf 89' lang='lat' dir='ltr'>risio</span> <span class='ocrx_word' id='word_1_144' title='bbox 834 1196 840 1234; x_wconf 94' lang='lat'><strong>:</strong></span> <span class='ocrx_word' id='word_1_145' title='bbox 855 1191 915 1233; x_wconf 87' lang='lat' dir='ltr'>curn</span> <span class='ocrx_word' id='word_1_146' title='bbox 967 1173 1088 1245; x_wconf 88' lang='lat' dir='ltr'>rigantur</span> <span class='ocrx_word' id='word_1_147' title='bbox 1098 1174 1227 1232; x_wconf 90' lang='lat' dir='ltr'>doctrinis</span> <span class='ocrx_word' id='word_1_148' title='bbox 1240 1193 1247 1231; x_wconf 74' lang='grc' dir='ltr'><strong><em>ε</em></strong></span> <span class='ocrx_word' id='word_1_149' title='bbox 1260 1185 1287 1234; x_wconf 90' lang='lat' dir='ltr'>et</span> <span class='ocrx_word' id='word_1_150' title='bbox 1301 1177 1346 1247; x_wconf 84' lang='lat' dir='ltr'>qui</span> <span class='ocrx_word' id='word_1_151' title='bbox 1362 1177 1417 1247; x_wconf 83' lang='lat' dir='ltr'>jam</span> <span class='ocrx_word' id='word_1_152' title='bbox 1432 1179 1505 1234; x_wconf 83' lang='lat' dir='ltr'>eruti</span> <span class='ocrx_word' id='word_1_153' title='bbox 1528 1187 1591 1234; x_wconf 91' lang='lat' dir='ltr'>suut</span> <span class='ocrx_word' id='word_1_154' title='bbox 1605 1193 1686 1236; x_wconf 83' lang='lat' dir='ltr'>cartre</span> <span class='ocrx_word' id='word_1_155' title='bbox 1701 1197 1709 1236; x_wconf 75' lang='grc' dir='ltr'><strong><em>ε</em></strong></span> <span class='ocrx_word' id='word_1_156' title='bbox 1725 1181 1759 1236; x_wconf 87' lang='lat' dir='ltr'>il·</span> 
     </span>
     <span class='ocr_line' id='line_1_11' title="bbox 106 1265 1757 1341; baseline 0.001 -15"><span class='ocrx_word' id='word_1_157' title='bbox 106 1270 236 1328; x_wconf 72' lang='lat' dir='ltr'>assiduu</span> <span class='ocrx_word' id='word_1_158' title='bbox 248 1269 390 1341; x_wconf 90' lang='lat' dir='ltr'>discipline</span> <span class='ocrx_word' id='word_1_159' title='bbox 403 1268 574 1326; x_wconf 87' lang='lat' dir='ltr'>domtmento.</span> <span class='ocrx_word' id='word_1_160' title='bbox 587 1270 692 1325; x_wconf 76' lang='lat' dir='ltr'>etcum</span> <span class='ocrx_word' id='word_1_161' title='bbox 708 1269 760 1326; x_wconf 91' lang='lat' dir='ltr'>illis</span> <span class='ocrx_word' id='word_1_162' title='bbox 771 1267 916 1325; x_wconf 81' lang='lat' dir='ltr'>inextima·</span> <span class='ocrx_word' id='word_1_163' title='bbox 967 1265 1053 1320; x_wconf 91' lang='lat' dir='ltr'>lorum</span> <span class='ocrx_word' id='word_1_164' title='bbox 1068 1267 1170 1322; x_wconf 88' lang='lat' dir='ltr'>meritis</span> <span class='ocrx_word' id='word_1_165' title='bbox 1190 1275 1344 1324; x_wconf 81' lang='lat' dir='ltr'>increentur</span> <span class='ocrx_word' id='word_1_166' title='bbox 1361 1269 1532 1326; x_wconf 86' lang='lat' dir='ltr'>annumerari</span> <span class='ocrx_word' id='word_1_167' title='bbox 1556 1284 1617 1326; x_wconf 90' lang='lat' dir='ltr'>cnm</span> <span class='ocrx_word' id='word_1_168' title='bbox 1638 1270 1757 1330; x_wconf 82' lang='lat' dir='ltr'>Sancus.</span> 
     </span>
     <span class='ocr_line' id='line_1_12' title="bbox 107 1356 1371 1432; baseline -0.004 -16"><span class='ocrx_word' id='word_1_169' title='bbox 107 1362 185 1420; x_wconf 74' lang='lat' dir='ltr'>luidis</span> <span class='ocrx_word' id='word_1_170' title='bbox 204 1369 232 1419; x_wconf 79' lang='lat' dir='ltr'>et</span> <span class='ocrx_word' id='word_1_171' title='bbox 246 1359 387 1418; x_wconf 85' lang='lat' dir='ltr'>iuellaltilir</span> <span class='ocrx_word' id='word_1_172' title='bbox 406 1359 523 1432; x_wconf 78' lang='lat' dir='ltr'>Spiritus</span> <span class='ocrx_word' id='word_1_173' title='bbox 540 1359 632 1416; x_wconf 84' lang='lat' dir='ltr'>Sancti</span> <span class='ocrx_word' id='word_1_174' title='bbox 651 1363 730 1416; x_wconf 88' lang='lat' dir='ltr'>dstar</span> <span class='ocrx_word' id='word_1_175' title='bbox 748 1359 848 1415; x_wconf 87' lang='lat' dir='ltr'>inlusio</span> <span class='ocrx_word' id='word_1_176' title='bbox 867 1375 874 1414; x_wconf 91' lang='lat'><strong>:</strong></span> <span class='ocrx_word' id='word_1_177' title='bbox 890 1369 917 1416; x_wconf 88' lang='lat' dir='ltr'>ct</span> <span class='ocrx_word' id='word_1_178' title='bbox 974 1356 1011 1426; x_wconf 77' lang='lat' dir='ltr'>tl.</span> <span class='ocrx_word' id='word_1_179' title='bbox 1029 1362 1125 1412; x_wconf 84' lang='lat' dir='ltr'>limen.</span> <span class='ocrx_word' id='word_1_180' title='bbox 1367 1357 1371 1364; x_wconf 83' lang='lat'><em>&#39;</em></span> 
     </span>
     <span class='ocr_line' id='line_1_13' title="bbox 110 1446 1757 1525; baseline 0.001 -17"><span class='ocrx_word' id='word_1_181' title='bbox 110 1452 273 1510; x_wconf 78' lang='lat' dir='ltr'>Ecclesiam</span> <span class='ocrx_word' id='word_1_182' title='bbox 288 1452 447 1523; x_wconf 84' lang='lat' dir='ltr'>primitivam</span> <span class='ocrx_word' id='word_1_183' title='bbox 460 1452 596 1508; x_wconf 89' lang='lat' dir='ltr'>instruant</span> <span class='ocrx_word' id='word_1_184' title='bbox 607 1471 614 1504; x_wconf 75' lang='grc' dir='ltr'><strong><em>ε</em></strong></span> <span class='ocrx_word' id='word_1_185' title='bbox 626 1460 653 1507; x_wconf 89' lang='lat' dir='ltr'>et</span> <span class='ocrx_word' id='word_1_186' title='bbox 666 1453 802 1522; x_wconf 89' lang='lat' dir='ltr'>corrigant</span> <span class='ocrx_word' id='word_1_187' title='bbox 813 1453 914 1507; x_wconf 83' lang='lat' dir='ltr'>serbo:</span> <span class='ocrx_word' id='word_1_188' title='bbox 1001 1447 1043 1502; x_wconf 80' lang='lat' dir='ltr'>dd</span> <span class='ocrx_word' id='word_1_189' title='bbox 1053 1464 1151 1518; x_wconf 78' lang='lat' dir='ltr'>pressu.</span> <span class='ocrx_word' id='word_1_190' title='bbox 1166 1446 1267 1504; x_wconf 85' lang='lat' dir='ltr'>Oratio.</span> <span class='ocrx_word' id='word_1_191' title='bbox 1280 1448 1336 1504; x_wconf 82' lang='lat' dir='ltr'>Pas</span> <span class='ocrx_word' id='word_1_192' title='bbox 1352 1447 1509 1510; x_wconf 89' lang='lat' dir='ltr'>indelloiens</span> <span class='ocrx_word' id='word_1_193' title='bbox 1524 1450 1632 1509; x_wconf 83' lang='lat' dir='ltr'>Girrtste</span> <span class='ocrx_word' id='word_1_194' title='bbox 1643 1463 1669 1508; x_wconf 92' lang='lat' dir='ltr'>et</span> <span class='ocrx_word' id='word_1_195' title='bbox 1682 1453 1757 1525; x_wconf 90' lang='lat' dir='ltr'>origo</span> 
     </span>
     <span class='ocr_line' id='line_1_14' title="bbox 108 1540 1759 1618; baseline 0.004 -20"><span class='ocrx_word' id='word_1_196' title='bbox 108 1543 299 1600; x_wconf 81' lang='lat' dir='ltr'>excellentior</span> <span class='ocrx_word' id='word_1_197' title='bbox 317 1541 430 1600; x_wconf 82' lang='lat' dir='ltr'>babetur</span> <span class='ocrx_word' id='word_1_198' title='bbox 443 1542 548 1598; x_wconf 91' lang='lat' dir='ltr'>illorum</span> <span class='ocrx_word' id='word_1_199' title='bbox 569 1550 598 1599; x_wconf 89' lang='lat' dir='ltr'>ct</span> <span class='ocrx_word' id='word_1_200' title='bbox 622 1541 749 1598; x_wconf 88' lang='lat' dir='ltr'>ruirabiiis</span> <span class='ocrx_word' id='word_1_201' title='bbox 769 1542 851 1610; x_wconf 87' lang='lat' dir='ltr'>gioria</span> <span class='ocrx_word' id='word_1_202' title='bbox 866 1559 874 1594; x_wconf 90' lang='lat'><strong>:</strong></span> <span class='ocrx_word' id='word_1_203' title='bbox 890 1551 917 1596; x_wconf 91' lang='lat' dir='ltr'>et</span> <span class='ocrx_word' id='word_1_204' title='bbox 967 1540 1138 1598; x_wconf 86' lang='lat' dir='ltr'>dulcedinis:</span> <span class='ocrx_word' id='word_1_205' title='bbox 1155 1544 1308 1613; x_wconf 80' lang='lat' dir='ltr'>guipscem</span> <span class='ocrx_word' id='word_1_206' title='bbox 1325 1551 1397 1598; x_wconf 89' lang='lat' dir='ltr'>tuam</span> <span class='ocrx_word' id='word_1_207' title='bbox 1417 1547 1470 1600; x_wconf 91' lang='lat' dir='ltr'>tuis</span> <span class='ocrx_word' id='word_1_208' title='bbox 1490 1545 1622 1602; x_wconf 84' lang='lat' dir='ltr'>tradidisti</span> <span class='ocrx_word' id='word_1_209' title='bbox 1640 1549 1759 1618; x_wconf 88' lang='lat' dir='ltr'>discipu-</span> 
     </span>
     <span class='ocr_line' id='line_1_15' title="bbox 108 1632 1759 1710; baseline 0.001 -16"><span class='ocrx_word' id='word_1_210' title='bbox 108 1653 217 1694; x_wconf 80' lang='lat' dir='ltr'>eormu</span> <span class='ocrx_word' id='word_1_211' title='bbox 231 1639 307 1694; x_wconf 87' lang='lat' dir='ltr'>letior</span> <span class='ocrx_word' id='word_1_212' title='bbox 321 1645 350 1706; x_wconf 84' lang='lat' dir='ltr'>et</span> <span class='ocrx_word' id='word_1_213' title='bbox 360 1635 507 1709; x_wconf 74' lang='lat' dir='ltr'>vegetatior</span> <span class='ocrx_word' id='word_1_214' title='bbox 520 1643 611 1692; x_wconf 79' lang='lat' dir='ltr'>sauma</span> <span class='ocrx_word' id='word_1_215' title='bbox 623 1634 742 1692; x_wconf 79' lang='lat' dir='ltr'>Ecclesia</span> <span class='ocrx_word' id='word_1_216' title='bbox 752 1635 866 1705; x_wconf 85' lang='lat' dir='ltr'>suscipit</span> <span class='ocrx_word' id='word_1_217' title='bbox 881 1634 917 1691; x_wconf 90' lang='lat' dir='ltr'>in·</span> <span class='ocrx_word' id='word_1_218' title='bbox 968 1632 999 1689; x_wconf 91' lang='lat' dir='ltr'>lis</span> <span class='ocrx_word' id='word_1_219' title='bbox 1011 1651 1018 1687; x_wconf 75' lang='grc' dir='ltr'>ε</span> <span class='ocrx_word' id='word_1_220' title='bbox 1032 1634 1144 1705; x_wconf 86' lang='lat' dir='ltr'>dignare</span> <span class='ocrx_word' id='word_1_221' title='bbox 1166 1634 1236 1690; x_wconf 89' lang='lat' dir='ltr'>banc</span> <span class='ocrx_word' id='word_1_222' title='bbox 1248 1635 1431 1706; x_wconf 85' lang='lat' dir='ltr'>plenissimam</span> <span class='ocrx_word' id='word_1_223' title='bbox 1445 1637 1584 1694; x_wconf 68' lang='lat' dir='ltr'>abstrudere</span> <span class='ocrx_word' id='word_1_224' title='bbox 1604 1643 1759 1710; x_wconf 88' lang='lat' dir='ltr'>pectoribus</span> 
     </span>
     <span class='ocr_line' id='line_1_16' title="bbox 107 1723 1761 1801; baseline 0.002 -17"><span class='ocrx_word' id='word_1_225' title='bbox 107 1728 234 1785; x_wconf 73' lang='lat' dir='ltr'>colende</span> <span class='ocrx_word' id='word_1_226' title='bbox 247 1727 380 1784; x_wconf 87' lang='lat' dir='ltr'>solennia.</span> <span class='ocrx_word' id='word_1_227' title='bbox 392 1727 445 1784; x_wconf 85' lang='lat' dir='ltr'>Sed</span> <span class='ocrx_word' id='word_1_228' title='bbox 459 1737 587 1799; x_wconf 84' lang='lat' dir='ltr'>quasnam</span> <span class='ocrx_word' id='word_1_229' title='bbox 603 1727 636 1782; x_wconf 89' lang='lat' dir='ltr'>ad</span> <span class='ocrx_word' id='word_1_230' title='bbox 652 1728 691 1782; x_wconf 89' lang='lat' dir='ltr'>rei</span> <span class='ocrx_word' id='word_1_231' title='bbox 704 1725 915 1797; x_wconf 73' lang='lat' dir='ltr'>magnitudinem</span> <span class='ocrx_word' id='word_1_232' title='bbox 968 1724 1078 1780; x_wconf 89' lang='lat' dir='ltr'>nostris.</span> <span class='ocrx_word' id='word_1_233' title='bbox 1099 1723 1131 1780; x_wconf 86' lang='lat' dir='ltr'>iis</span> <span class='ocrx_word' id='word_1_234' title='bbox 1157 1739 1210 1782; x_wconf 91' lang='lat' dir='ltr'>oon</span> <span class='ocrx_word' id='word_1_235' title='bbox 1226 1725 1295 1780; x_wconf 89' lang='lat' dir='ltr'>sicut</span> <span class='ocrx_word' id='word_1_236' title='bbox 1318 1727 1433 1782; x_wconf 89' lang='lat' dir='ltr'>mundus</span> <span class='ocrx_word' id='word_1_237' title='bbox 1457 1728 1503 1783; x_wconf 89' lang='lat' dir='ltr'>dat</span> <span class='ocrx_word' id='word_1_238' title='bbox 1526 1745 1618 1800; x_wconf 87' lang='lat' dir='ltr'>pacem</span> <span class='ocrx_word' id='word_1_239' title='bbox 1634 1749 1643 1784; x_wconf 69' lang='grc' dir='ltr'><strong>ε</strong></span> <span class='ocrx_word' id='word_1_240' title='bbox 1658 1733 1761 1801; x_wconf 87' lang='lat' dir='ltr'>paciliri</span> 
     </span>
     <span class='ocr_line' id='line_1_17' title="bbox 108 1802 1760 1892; baseline 0.001 -17"><span class='ocrx_word' id='word_1_241' title='bbox 108 1829 146 1875; x_wconf 77' lang='lat' dir='ltr'>et</span> <span class='ocrx_word' id='word_1_242' title='bbox 159 1821 247 1890; x_wconf 86' lang='lat' dir='ltr'>gratie</span> <span class='ocrx_word' id='word_1_243' title='bbox 261 1819 372 1889; x_wconf 82' lang='lat' dir='ltr'>gloriam</span> <span class='ocrx_word' id='word_1_244' title='bbox 388 1827 400 1860; x_wconf 76' lang='lat'><strong><em>⁶</em></strong></span> <span class='ocrx_word' id='word_1_245' title='bbox 414 1825 538 1886; x_wconf 85' lang='lat' dir='ltr'>expectat</span> <span class='ocrx_word' id='word_1_246' title='bbox 554 1833 561 1872; x_wconf 78' lang='grc' dir='ltr'><strong>ι</strong></span> <span class='ocrx_word' id='word_1_247' title='bbox 575 1832 667 1887; x_wconf 89' lang='lat' dir='ltr'>parum</span> <span class='ocrx_word' id='word_1_248' title='bbox 679 1827 720 1874; x_wconf 88' lang='lat' dir='ltr'>est</span> <span class='ocrx_word' id='word_1_249' title='bbox 732 1831 757 1874; x_wconf 89' lang='lat' dir='ltr'>et</span> <span class='ocrx_word' id='word_1_250' title='bbox 773 1816 915 1873; x_wconf 85' lang='lat' dir='ltr'>bonriuam</span> <span class='ocrx_word' id='word_1_251' title='bbox 934 1802 954 1862; x_wconf 75' lang='grc' dir='ltr'><strong><em>Β</em></strong></span> <span class='ocrx_word' id='word_1_252' title='bbox 968 1821 1180 1870; x_wconf 85' lang='lat' dir='ltr'>conversantes:</span> <span class='ocrx_word' id='word_1_253' title='bbox 1194 1816 1318 1871; x_wconf 86' lang='lat' dir='ltr'>mandata</span> <span class='ocrx_word' id='word_1_254' title='bbox 1339 1824 1382 1872; x_wconf 83' lang='lat' dir='ltr'>tur</span> <span class='ocrx_word' id='word_1_255' title='bbox 1397 1826 1444 1872; x_wconf 93' lang='lat' dir='ltr'>aut</span> <span class='ocrx_word' id='word_1_256' title='bbox 1461 1833 1508 1891; x_wconf 87' lang='lat' dir='ltr'>per</span> <span class='ocrx_word' id='word_1_257' title='bbox 1522 1820 1612 1876; x_wconf 79' lang='lat' dir='ltr'>udirtnt</span> <span class='ocrx_word' id='word_1_258' title='bbox 1631 1840 1637 1874; x_wconf 90' lang='lat'>:</span> <span class='ocrx_word' id='word_1_259' title='bbox 1654 1831 1699 1878; x_wconf 90' lang='lat' dir='ltr'>nnt</span> <span class='ocrx_word' id='word_1_260' title='bbox 1713 1839 1760 1892; x_wconf 88' lang='lat' dir='ltr'>per</span> 
     </span>
     <span class='ocr_line' id='line_1_18' title="bbox 109 1906 1760 1982; baseline 0.002 -16"><span class='ocrx_word' id='word_1_261' title='bbox 109 1919 146 1966; x_wconf 82' lang='lat' dir='ltr'>et</span> <span class='ocrx_word' id='word_1_262' title='bbox 169 1911 325 1982; x_wconf 89' lang='lat' dir='ltr'>magistrum</span> <span class='ocrx_word' id='word_1_263' title='bbox 349 1923 429 1966; x_wconf 84' lang='lat' dir='ltr'>suum</span> <span class='ocrx_word' id='word_1_264' title='bbox 452 1907 628 1978; x_wconf 83' lang='lat' dir='ltr'>corporaliter</span> <span class='ocrx_word' id='word_1_265' title='bbox 651 1921 764 1964; x_wconf 88' lang='lat' dir='ltr'>cernere</span> <span class='ocrx_word' id='word_1_266' title='bbox 784 1923 792 1961; x_wconf 90' lang='lat'><strong>:</strong></span> <span class='ocrx_word' id='word_1_267' title='bbox 812 1917 839 1962; x_wconf 89' lang='lat' dir='ltr'>et</span> <span class='ocrx_word' id='word_1_268' title='bbox 857 1908 916 1976; x_wconf 85' lang='lat' dir='ltr'>cjns</span> <span class='ocrx_word' id='word_1_269' title='bbox 967 1906 1131 1962; x_wconf 82' lang='lat' dir='ltr'>oblivionem</span> <span class='ocrx_word' id='word_1_270' title='bbox 1154 1907 1419 1978; x_wconf 82' lang='lat' dir='ltr'>relinquamus‚serl</span> <span class='ocrx_word' id='word_1_271' title='bbox 1446 1911 1471 1966; x_wconf 92' lang='lat' dir='ltr'>in</span> <span class='ocrx_word' id='word_1_272' title='bbox 1495 1911 1638 1968; x_wconf 88' lang='lat' dir='ltr'>dilectione</span> <span class='ocrx_word' id='word_1_273' title='bbox 1660 1913 1705 1968; x_wconf 82' lang='lat' dir='ltr'>liei</span> <span class='ocrx_word' id='word_1_274' title='bbox 1732 1923 1760 1970; x_wconf 88' lang='lat' dir='ltr'>et</span> 
     </span>
     <span class='ocr_line' id='line_1_19' title="bbox 109 1997 1758 2073; baseline -0.001 -13"><span class='ocrx_word' id='word_1_275' title='bbox 109 2003 254 2060; x_wconf 81' lang='lat' dir='ltr'>doctrinis</span> <span class='ocrx_word' id='word_1_276' title='bbox 273 2017 320 2072; x_wconf 87' lang='lat' dir='ltr'>per</span> <span class='ocrx_word' id='word_1_277' title='bbox 339 2003 432 2058; x_wconf 89' lang='lat' dir='ltr'>orbem</span> <span class='ocrx_word' id='word_1_278' title='bbox 454 2001 607 2058; x_wconf 86' lang='lat' dir='ltr'>ussirersam</span> <span class='ocrx_word' id='word_1_279' title='bbox 628 2001 786 2057; x_wconf 86' lang='lat' dir='ltr'>mirabiliter</span> <span class='ocrx_word' id='word_1_280' title='bbox 804 1999 915 2073; x_wconf 76' lang='lat' dir='ltr'>litigare.</span> <span class='ocrx_word' id='word_1_281' title='bbox 967 1997 1082 2067; x_wconf 83' lang='lat' dir='ltr'>prositni</span> <span class='ocrx_word' id='word_1_282' title='bbox 1097 1998 1228 2054; x_wconf 89' lang='lat' dir='ltr'>radicati:</span> <span class='ocrx_word' id='word_1_283' title='bbox 1243 1999 1269 2055; x_wconf 94' lang='lat' dir='ltr'>in</span> <span class='ocrx_word' id='word_1_284' title='bbox 1285 1999 1472 2057; x_wconf 86' lang='lat' dir='ltr'>observatione</span> <span class='ocrx_word' id='word_1_285' title='bbox 1493 2003 1680 2059; x_wconf 84' lang='lat' dir='ltr'>mandatorum</span> <span class='ocrx_word' id='word_1_286' title='bbox 1697 2015 1758 2058; x_wconf 78' lang='lat' dir='ltr'>tutu·</span> 
     </span>
     <span class='ocr_line' id='line_1_20' title="bbox 110 2090 1758 2164; baseline 0.001 -16"><span class='ocrx_word' id='word_1_287' title='bbox 110 2093 235 2162; x_wconf 79' lang='lat' dir='ltr'>Quaado</span> <span class='ocrx_word' id='word_1_288' title='bbox 250 2092 417 2164; x_wconf 80' lang='lat' dir='ltr'>usqueadeo</span> <span class='ocrx_word' id='word_1_289' title='bbox 432 2091 494 2148; x_wconf 91' lang='lat' dir='ltr'>lldel</span> <span class='ocrx_word' id='word_1_290' title='bbox 507 2093 592 2162; x_wconf 91' lang='lat' dir='ltr'>gloria</span> <span class='ocrx_word' id='word_1_291' title='bbox 602 2093 686 2148; x_wconf 84' lang='lat' dir='ltr'>creuit</span> <span class='ocrx_word' id='word_1_292' title='bbox 700 2110 707 2146; x_wconf 74' lang='grc' dir='ltr'><strong>ε</strong></span> <span class='ocrx_word' id='word_1_293' title='bbox 723 2099 752 2148; x_wconf 92' lang='lat' dir='ltr'>ut</span> <span class='ocrx_word' id='word_1_294' title='bbox 765 2091 843 2147; x_wconf 87' lang='lat' dir='ltr'>dulce</span> <span class='ocrx_word' id='word_1_295' title='bbox 855 2091 915 2146; x_wconf 89' lang='lat' dir='ltr'>lue·</span> <span class='ocrx_word' id='word_1_296' title='bbox 967 2105 1025 2145; x_wconf 89' lang='lat' dir='ltr'>ratu</span> <span class='ocrx_word' id='word_1_297' title='bbox 1049 2105 1200 2146; x_wconf 88' lang='lat' dir='ltr'>mercamur</span> <span class='ocrx_word' id='word_1_298' title='bbox 1215 2090 1327 2150; x_wconf 80' lang='lat' dir='ltr'>insertiri</span> <span class='ocrx_word' id='word_1_299' title='bbox 1345 2093 1467 2162; x_wconf 85' lang='lat' dir='ltr'>perlecti.</span> <span class='ocrx_word' id='word_1_300' title='bbox 1492 2093 1526 2150; x_wconf 87' lang='lat' dir='ltr'>lit</span> <span class='ocrx_word' id='word_1_301' title='bbox 1541 2097 1613 2163; x_wconf 90' lang='lat' dir='ltr'>pacis</span> <span class='ocrx_word' id='word_1_302' title='bbox 1635 2099 1758 2150; x_wconf 64' lang='lat' dir='ltr'>osculum</span> 
     </span>
     <span class='ocr_line' id='line_1_21' title="bbox 111 2179 1760 2256; baseline -0.002 -15"><span class='ocrx_word' id='word_1_303' title='bbox 111 2187 158 2241; x_wconf 87' lang='lat' dir='ltr'>rit</span> <span class='ocrx_word' id='word_1_304' title='bbox 173 2199 222 2256; x_wconf 92' lang='lat' dir='ltr'>pru</span> <span class='ocrx_word' id='word_1_305' title='bbox 237 2183 334 2240; x_wconf 90' lang='lat' dir='ltr'>eodem</span> <span class='ocrx_word' id='word_1_306' title='bbox 354 2183 469 2239; x_wconf 84' lang='lat' dir='ltr'>licutino</span> <span class='ocrx_word' id='word_1_307' title='bbox 481 2183 638 2254; x_wconf 83' lang='lat' dir='ltr'>sauguinem</span> <span class='ocrx_word' id='word_1_308' title='bbox 654 2182 776 2239; x_wconf 86' lang='lat' dir='ltr'>laudere.</span> <span class='ocrx_word' id='word_1_309' title='bbox 797 2183 830 2238; x_wconf 83' lang='lat' dir='ltr'>Et</span> <span class='ocrx_word' id='word_1_310' title='bbox 845 2180 917 2252; x_wconf 86' lang='lat' dir='ltr'>quod</span> <span class='ocrx_word' id='word_1_311' title='bbox 967 2179 1037 2238; x_wconf 89' lang='lat' dir='ltr'>iuter</span> <span class='ocrx_word' id='word_1_312' title='bbox 1060 2196 1109 2238; x_wconf 90' lang='lat' dir='ltr'>nus</span> <span class='ocrx_word' id='word_1_313' title='bbox 1133 2183 1297 2238; x_wconf 88' lang='lat' dir='ltr'>decurrens:</span> <span class='ocrx_word' id='word_1_314' title='bbox 1312 2195 1362 2238; x_wconf 90' lang='lat' dir='ltr'>nos</span> <span class='ocrx_word' id='word_1_315' title='bbox 1383 2183 1508 2251; x_wconf 80' lang='lat' dir='ltr'>pacidicos</span> <span class='ocrx_word' id='word_1_316' title='bbox 1531 2183 1624 2240; x_wconf 82' lang='lat' dir='ltr'>reddes</span> <span class='ocrx_word' id='word_1_317' title='bbox 1638 2200 1645 2237; x_wconf 70' lang='grc' dir='ltr'><strong><em>ι</em></strong></span> <span class='ocrx_word' id='word_1_318' title='bbox 1661 2195 1686 2240; x_wconf 89' lang='lat' dir='ltr'>et</span> <span class='ocrx_word' id='word_1_319' title='bbox 1712 2201 1760 2254; x_wconf 84' lang='lat' dir='ltr'>pur</span> 
     </span>
     <span class='ocr_line' id='line_1_22' title="bbox 112 2273 1758 2350; baseline -0.003 -17"><span class='ocrx_word' id='word_1_320' title='bbox 112 2293 171 2350; x_wconf 86' lang='lat' dir='ltr'>pro</span> <span class='ocrx_word' id='word_1_321' title='bbox 184 2277 316 2334; x_wconf 84' lang='lat' dir='ltr'>uniuersis</span> <span class='ocrx_word' id='word_1_322' title='bbox 329 2275 418 2334; x_wconf 84' lang='lat' dir='ltr'>iacere</span> <span class='ocrx_word' id='word_1_323' title='bbox 428 2277 545 2333; x_wconf 89' lang='lat' dir='ltr'>rideriut</span> <span class='ocrx_word' id='word_1_324' title='bbox 558 2278 714 2348; x_wconf 83' lang='lat' dir='ltr'>magistrum</span> <span class='ocrx_word' id='word_1_325' title='bbox 731 2293 739 2330; x_wconf 73' lang='grc' dir='ltr'><strong><em>ε</em></strong></span> <span class='ocrx_word' id='word_1_326' title='bbox 755 2279 806 2334; x_wconf 89' lang='lat' dir='ltr'>buc</span> <span class='ocrx_word' id='word_1_327' title='bbox 821 2277 857 2333; x_wconf 93' lang='lat' dir='ltr'>iili</span> <span class='ocrx_word' id='word_1_328' title='bbox 872 2276 915 2332; x_wconf 88' lang='lat' dir='ltr'>ia·</span> <span class='ocrx_word' id='word_1_329' title='bbox 966 2285 1059 2342; x_wconf 88' lang='lat' dir='ltr'>pacem</span> <span class='ocrx_word' id='word_1_330' title='bbox 1074 2273 1107 2328; x_wconf 93' lang='lat' dir='ltr'>ad</span> <span class='ocrx_word' id='word_1_331' title='bbox 1123 2283 1149 2330; x_wconf 90' lang='lat' dir='ltr'>te</span> <span class='ocrx_word' id='word_1_332' title='bbox 1162 2273 1253 2329; x_wconf 83' lang='lat' dir='ltr'>uenire</span> <span class='ocrx_word' id='word_1_333' title='bbox 1267 2273 1325 2328; x_wconf 87' lang='lat' dir='ltr'>sine</span> <span class='ocrx_word' id='word_1_334' title='bbox 1338 2275 1453 2329; x_wconf 89' lang='lat' dir='ltr'>crimine</span> <span class='ocrx_word' id='word_1_335' title='bbox 1466 2273 1557 2329; x_wconf 71' lang='lat' dir='ltr'>iaciant.</span> <span class='ocrx_word' id='word_1_336' title='bbox 1579 2274 1696 2330; x_wconf 84' lang='lat' dir='ltr'>buloudu</span> <span class='ocrx_word' id='word_1_337' title='bbox 1711 2291 1758 2344; x_wconf 77' lang='lat' dir='ltr'>pss-</span> 
     </span>
     <span class='ocr_line' id='line_1_23' title="bbox 114 2361 1760 2440; baseline -0.003 -15"><span class='ocrx_word' id='word_1_338' title='bbox 114 2370 221 2425; x_wconf 88' lang='lat' dir='ltr'>ciendo</span> <span class='ocrx_word' id='word_1_339' title='bbox 230 2369 329 2426; x_wconf 88' lang='lat' dir='ltr'>ceteris</span> <span class='ocrx_word' id='word_1_340' title='bbox 339 2369 496 2440; x_wconf 80' lang='lat' dir='ltr'>reliquerint</span> <span class='ocrx_word' id='word_1_341' title='bbox 505 2367 619 2426; x_wconf 86' lang='lat' dir='ltr'>iscieadi</span> <span class='ocrx_word' id='word_1_342' title='bbox 631 2370 782 2440; x_wconf 74' lang='lat' dir='ltr'>sretrrplun</span> <span class='ocrx_word' id='word_1_343' title='bbox 806 2369 916 2426; x_wconf 73' lang='lat' dir='ltr'>solicite</span> <span class='ocrx_word' id='word_1_344' title='bbox 965 2362 1090 2419; x_wconf 79' lang='lat' dir='ltr'>eistadii</span> <span class='ocrx_word' id='word_1_345' title='bbox 1116 2361 1235 2418; x_wconf 86' lang='lat' dir='ltr'>innubis</span> <span class='ocrx_word' id='word_1_346' title='bbox 1250 2365 1457 2419; x_wconf 85' lang='lat' dir='ltr'>atrsaritudineas</span> <span class='ocrx_word' id='word_1_347' title='bbox 1473 2365 1563 2420; x_wconf 89' lang='lat' dir='ltr'>rincat</span> <span class='ocrx_word' id='word_1_348' title='bbox 1577 2383 1583 2418; x_wconf 91' lang='lat'>:</span> <span class='ocrx_word' id='word_1_349' title='bbox 1597 2375 1625 2421; x_wconf 91' lang='lat' dir='ltr'>et</span> <span class='ocrx_word' id='word_1_350' title='bbox 1644 2365 1760 2421; x_wconf 75' lang='lat' dir='ltr'>cirris-itas</span> 
     </span>
     <span class='ocr_line' id='line_1_24' title="bbox 111 2453 1760 2532; baseline -0.005 -14"><span class='ocrx_word' id='word_1_351' title='bbox 111 2462 203 2532; x_wconf 81' lang='lat' dir='ltr'>ignor</span> <span class='ocrx_word' id='word_1_352' title='bbox 224 2461 249 2516; x_wconf 89' lang='lat' dir='ltr'>in</span> <span class='ocrx_word' id='word_1_353' title='bbox 264 2475 358 2520; x_wconf 88' lang='lat' dir='ltr'>corum</span> <span class='ocrx_word' id='word_1_354' title='bbox 379 2459 568 2517; x_wconf 76' lang='lat' dir='ltr'>testivitatibus</span> <span class='ocrx_word' id='word_1_355' title='bbox 587 2461 732 2516; x_wconf 85' lang='lat' dir='ltr'>coisseuire</span> <span class='ocrx_word' id='word_1_356' title='bbox 753 2460 834 2516; x_wconf 88' lang='lat' dir='ltr'>debet</span> <span class='ocrx_word' id='word_1_357' title='bbox 849 2459 916 2516; x_wconf 83' lang='lat' dir='ltr'>ide·</span> <span class='ocrx_word' id='word_1_358' title='bbox 967 2453 1167 2510; x_wconf 83' lang='lat' dir='ltr'>multitudinem</span> <span class='ocrx_word' id='word_1_359' title='bbox 1182 2464 1355 2525; x_wconf 83' lang='lat' dir='ltr'>peccatorum</span> <span class='ocrx_word' id='word_1_360' title='bbox 1368 2456 1484 2524; x_wconf 79' lang='lat' dir='ltr'>operiet.</span> <span class='ocrx_word' id='word_1_361' title='bbox 1501 2455 1535 2511; x_wconf 86' lang='lat' dir='ltr'>Ut</span> <span class='ocrx_word' id='word_1_362' title='bbox 1546 2471 1595 2524; x_wconf 84' lang='lat' dir='ltr'>pas</span> <span class='ocrx_word' id='word_1_363' title='bbox 1610 2466 1652 2510; x_wconf 92' lang='lat' dir='ltr'>tua</span> <span class='ocrx_word' id='word_1_364' title='bbox 1668 2472 1720 2526; x_wconf 86' lang='lat' dir='ltr'>que</span> <span class='ocrx_word' id='word_1_365' title='bbox 1732 2466 1760 2512; x_wconf 92' lang='lat' dir='ltr'>tu</span> 
     </span>
     <span class='ocr_line' id='line_1_25' title="bbox 113 2543 1761 2626; baseline -0.002 -17"><span class='ocrx_word' id='word_1_366' title='bbox 113 2556 188 2609; x_wconf 90' lang='lat' dir='ltr'>lium</span> <span class='ocrx_word' id='word_1_367' title='bbox 203 2553 283 2626; x_wconf 76' lang='grc'>397</span> <span class='ocrx_word' id='word_1_368' title='bbox 299 2548 313 2590; x_wconf 69' lang='lat'><strong><em>⁶</em></strong></span> <span class='ocrx_word' id='word_1_369' title='bbox 328 2561 388 2623; x_wconf 89' lang='lat' dir='ltr'>toga</span> <span class='ocrx_word' id='word_1_370' title='bbox 404 2568 410 2606; x_wconf 93' lang='lat'><strong>:</strong></span> <span class='ocrx_word' id='word_1_371' title='bbox 427 2561 454 2608; x_wconf 92' lang='lat' dir='ltr'>et</span> <span class='ocrx_word' id='word_1_372' title='bbox 466 2565 526 2608; x_wconf 92' lang='lat' dir='ltr'>cum</span> <span class='ocrx_word' id='word_1_373' title='bbox 540 2551 629 2606; x_wconf 91' lang='lat' dir='ltr'>studio</span> <span class='ocrx_word' id='word_1_374' title='bbox 642 2549 856 2620; x_wconf 85' lang='lat' dir='ltr'>corripuuctiuuir</span> <span class='ocrx_word' id='word_1_375' title='bbox 869 2563 915 2606; x_wconf 90' lang='lat' dir='ltr'>aa·</span> <span class='ocrx_word' id='word_1_376' title='bbox 965 2543 1024 2616; x_wconf 86' lang='lat' dir='ltr'>lpse</span> <span class='ocrx_word' id='word_1_377' title='bbox 1037 2561 1067 2602; x_wconf 88' lang='lat' dir='ltr'>es</span> <span class='ocrx_word' id='word_1_378' title='bbox 1080 2561 1231 2616; x_wconf 81' lang='lat' dir='ltr'>exuperans</span> <span class='ocrx_word' id='word_1_379' title='bbox 1245 2561 1352 2604; x_wconf 89' lang='lat' dir='ltr'>omnem</span> <span class='ocrx_word' id='word_1_380' title='bbox 1372 2561 1502 2604; x_wconf 88' lang='lat' dir='ltr'>sensum:</span> <span class='ocrx_word' id='word_1_381' title='bbox 1518 2550 1600 2606; x_wconf 85' lang='lat' dir='ltr'>tutius</span> <span class='ocrx_word' id='word_1_382' title='bbox 1614 2549 1761 2605; x_wconf 76' lang='lat' dir='ltr'>simultatis</span> 
     </span>
     <span class='ocr_line' id='line_1_26' title="bbox 113 2639 1762 2712; baseline -0.004 -8"><span class='ocrx_word' id='word_1_383' title='bbox 113 2663 180 2704; x_wconf 88' lang='lat' dir='ltr'>rum</span> <span class='ocrx_word' id='word_1_384' title='bbox 195 2645 333 2703; x_wconf 87' lang='lat' dir='ltr'>celebrare</span> <span class='ocrx_word' id='word_1_385' title='bbox 345 2645 479 2704; x_wconf 83' lang='lat' dir='ltr'>solsticia.</span> <span class='ocrx_word' id='word_1_386' title='bbox 492 2645 652 2701; x_wconf 70' lang='lat' dir='ltr'>Esclteotur</span> <span class='ocrx_word' id='word_1_387' title='bbox 666 2644 748 2699; x_wconf 87' lang='lat' dir='ltr'>corda</span> <span class='ocrx_word' id='word_1_388' title='bbox 764 2642 890 2712; x_wconf 83' lang='lat' dir='ltr'>suspiriis</span> <span class='ocrx_word' id='word_1_389' title='bbox 906 2659 914 2697; x_wconf 74' lang='lat' dir='ltr'>a</span> <span class='ocrx_word' id='word_1_390' title='bbox 966 2639 994 2696; x_wconf 88' lang='lat' dir='ltr'>ia</span> <span class='ocrx_word' id='word_1_391' title='bbox 1015 2639 1093 2697; x_wconf 91' lang='lat' dir='ltr'>uobis</span> <span class='ocrx_word' id='word_1_392' title='bbox 1116 2641 1229 2711; x_wconf 89' lang='lat' dir='ltr'>perimat</span> <span class='ocrx_word' id='word_1_393' title='bbox 1241 2642 1339 2698; x_wconf 87' lang='lat' dir='ltr'>sicimn</span> <span class='ocrx_word' id='word_1_394' title='bbox 1352 2653 1396 2698; x_wconf 89' lang='lat' dir='ltr'>:et</span> <span class='ocrx_word' id='word_1_395' title='bbox 1409 2644 1533 2700; x_wconf 87' lang='lat' dir='ltr'>timorem</span> <span class='ocrx_word' id='word_1_396' title='bbox 1553 2645 1619 2698; x_wconf 88' lang='lat' dir='ltr'>loris</span> <span class='ocrx_word' id='word_1_397' title='bbox 1633 2644 1762 2701; x_wconf 85' lang='lat' dir='ltr'>tuincntis</span> 
     </span>
     <span class='ocr_line' id='line_1_27' title="bbox 112 2731 1759 2805; baseline -0.003 -10"><span class='ocrx_word' id='word_1_398' title='bbox 112 2749 147 2795; x_wconf 86' lang='lat' dir='ltr'>et</span> <span class='ocrx_word' id='word_1_399' title='bbox 166 2753 244 2796; x_wconf 88' lang='lat' dir='ltr'>mens</span> <span class='ocrx_word' id='word_1_400' title='bbox 264 2737 372 2794; x_wconf 91' lang='lat' dir='ltr'>illoram</span> <span class='ocrx_word' id='word_1_401' title='bbox 395 2735 523 2792; x_wconf 88' lang='lat' dir='ltr'>doctrinis</span> <span class='ocrx_word' id='word_1_402' title='bbox 544 2735 654 2791; x_wconf 86' lang='lat' dir='ltr'>hilarior</span> <span class='ocrx_word' id='word_1_403' title='bbox 672 2745 868 2805; x_wconf 90' lang='lat' dir='ltr'>compungatur</span> <span class='ocrx_word' id='word_1_404' title='bbox 888 2735 915 2794; x_wconf 86' lang='lat' dir='ltr'>itt</span> <span class='ocrx_word' id='word_1_405' title='bbox 965 2731 1104 2790; x_wconf 87' lang='lat' dir='ltr'>citaritstis</span> <span class='ocrx_word' id='word_1_406' title='bbox 1126 2732 1247 2790; x_wconf 82' lang='lat' dir='ltr'>cotrierat</span> <span class='ocrx_word' id='word_1_407' title='bbox 1266 2735 1401 2805; x_wconf 88' lang='lat' dir='ltr'>gaudium.</span> <span class='ocrx_word' id='word_1_408' title='bbox 1420 2735 1454 2792; x_wconf 89' lang='lat' dir='ltr'>b&#39;t</span> <span class='ocrx_word' id='word_1_409' title='bbox 1466 2738 1590 2804; x_wconf 88' lang='lat' dir='ltr'>precisus</span> <span class='ocrx_word' id='word_1_410' title='bbox 1612 2737 1759 2805; x_wconf 81' lang='lat' dir='ltr'>apostoto-</span> 
     </span>
     <span class='ocr_line' id='line_1_28' title="bbox 113 2825 1761 2900; baseline -0.001 -14"><span class='ocrx_word' id='word_1_411' title='bbox 113 2830 234 2900; x_wconf 83' lang='lat' dir='ltr'>grudiis.</span> <span class='ocrx_word' id='word_1_412' title='bbox 251 2828 339 2899; x_wconf 83' lang='lat' dir='ltr'>litqui</span> <span class='ocrx_word' id='word_1_413' title='bbox 353 2837 426 2883; x_wconf 69' lang='lat' dir='ltr'>tanus</span> <span class='ocrx_word' id='word_1_414' title='bbox 440 2829 580 2883; x_wconf 79' lang='lat' dir='ltr'>valuerunt</span> <span class='ocrx_word' id='word_1_415' title='bbox 589 2825 748 2882; x_wconf 85' lang='lat' dir='ltr'>mirabiliter</span> <span class='ocrx_word' id='word_1_416' title='bbox 758 2825 888 2896; x_wconf 84' lang='lat' dir='ltr'>consequi</span> <span class='ocrx_word' id='word_1_417' title='bbox 905 2841 914 2880; x_wconf 76' lang='lat' dir='ltr'>s</span> <span class='ocrx_word' id='word_1_418' title='bbox 965 2842 1025 2884; x_wconf 89' lang='lat' dir='ltr'>rum</span> <span class='ocrx_word' id='word_1_419' title='bbox 1040 2839 1146 2884; x_wconf 90' lang='lat' dir='ltr'>tuorum</span> <span class='ocrx_word' id='word_1_420' title='bbox 1162 2837 1190 2885; x_wconf 90' lang='lat' dir='ltr'>et</span> <span class='ocrx_word' id='word_1_421' title='bbox 1202 2828 1349 2900; x_wconf 81' lang='lat' dir='ltr'>liartgrum</span> <span class='ocrx_word' id='word_1_422' title='bbox 1363 2829 1390 2884; x_wconf 94' lang='lat' dir='ltr'>in</span> <span class='ocrx_word' id='word_1_423' title='bbox 1417 2844 1483 2899; x_wconf 87' lang='lat' dir='ltr'>pace</span> <span class='ocrx_word' id='word_1_424' title='bbox 1496 2830 1651 2898; x_wconf 86' lang='lat' dir='ltr'>perenniter</span> <span class='ocrx_word' id='word_1_425' title='bbox 1667 2836 1761 2885; x_wconf 91' lang='lat' dir='ltr'>costo·</span> 
     </span>
     <span class='ocr_line' id='line_1_29' title="bbox 114 2917 1758 2992; baseline -0.002 -16"><span class='ocrx_word' id='word_1_426' title='bbox 114 2923 263 2988; x_wconf 82' lang='lat' dir='ltr'>dignentur</span> <span class='ocrx_word' id='word_1_427' title='bbox 273 2921 352 2976; x_wconf 82' lang='lat' dir='ltr'>trabis</span> <span class='ocrx_word' id='word_1_428' title='bbox 363 2921 463 2990; x_wconf 83' lang='lat' dir='ltr'>jugiter</span> <span class='ocrx_word' id='word_1_429' title='bbox 481 2918 576 2974; x_wconf 83' lang='lat' dir='ltr'>adesse</span> <span class='ocrx_word' id='word_1_430' title='bbox 591 2920 706 2988; x_wconf 83' lang='lat' dir='ltr'>patroni.</span> <span class='ocrx_word' id='word_1_431' title='bbox 722 2919 755 2974; x_wconf 80' lang='lat' dir='ltr'>Et</span> <span class='ocrx_word' id='word_1_432' title='bbox 769 2920 815 2989; x_wconf 89' lang='lat' dir='ltr'>qui</span> <span class='ocrx_word' id='word_1_433' title='bbox 831 2917 915 2973; x_wconf 84' lang='lat' dir='ltr'>ruira·</span> <span class='ocrx_word' id='word_1_434' title='bbox 965 2921 1402 2992; x_wconf 71' lang='lat' dir='ltr'>di112perpacisconcordiam</span> <span class='ocrx_word' id='word_1_435' title='bbox 1430 2921 1578 2978; x_wconf 79' lang='lat' dir='ltr'>bsbearnur</span> <span class='ocrx_word' id='word_1_436' title='bbox 1605 2923 1687 2978; x_wconf 77' lang='lat' dir='ltr'>besti.</span> <span class='ocrx_word' id='word_1_437' title='bbox 1722 2923 1758 2991; x_wconf 74' lang='lat' dir='ltr'>ri.</span> 
     </span>
     <span class='ocr_line' id='line_1_30' title="bbox 117 3013 1065 3088; baseline -0.002 -18"><span class='ocrx_word' id='word_1_438' title='bbox 117 3015 190 3072; x_wconf 84' lang='lat' dir='ltr'>biles</span> <span class='ocrx_word' id='word_1_439' title='bbox 208 3013 372 3074; x_wconf 82' lang='lat' dir='ltr'>edocuisset</span> <span class='ocrx_word' id='word_1_440' title='bbox 394 3013 559 3084; x_wconf 74' lang='lat' dir='ltr'>percusisti</span> <span class='ocrx_word' id='word_1_441' title='bbox 579 3013 754 3070; x_wconf 82' lang='lat' dir='ltr'>doctrinam:</span> <span class='ocrx_word' id='word_1_442' title='bbox 773 3013 917 3088; x_wconf 86' lang='lat' dir='ltr'>dignentur</span> <span class='ocrx_word' id='word_1_443' title='bbox 966 3013 1065 3068; x_wconf 78' lang='lat' dir='ltr'>brnen.</span> 
     </span>
     <span class='ocr_line' id='line_1_31' title="bbox 116 3101 1758 3174; baseline -0.004 -10"><span class='ocrx_word' id='word_1_444' title='bbox 116 3107 225 3164; x_wconf 80' lang='lat' dir='ltr'>riseritis</span> <span class='ocrx_word' id='word_1_445' title='bbox 239 3105 308 3163; x_wconf 91' lang='lat' dir='ltr'>tueri</span> <span class='ocrx_word' id='word_1_446' title='bbox 323 3105 482 3164; x_wconf 77' lang='lat' dir='ltr'>Ecclesiam.</span> <span class='ocrx_word' id='word_1_447' title='bbox 501 3106 540 3174; x_wconf 81' lang='lat' dir='ltr'>si.</span> <span class='ocrx_word' id='word_1_448' title='bbox 555 3111 653 3164; x_wconf 80' lang='lat' dir='ltr'>amen.</span> <span class='ocrx_word' id='word_1_449' title='bbox 1001 3101 1098 3160; x_wconf 80' lang='lat' dir='ltr'>littoris</span> <span class='ocrx_word' id='word_1_450' title='bbox 1111 3117 1123 3157; x_wconf 93' lang='lat'>.·</span> <span class='ocrx_word' id='word_1_451' title='bbox 1135 3102 1250 3172; x_wconf 87' lang='lat' dir='ltr'>bignum</span> <span class='ocrx_word' id='word_1_452' title='bbox 1264 3111 1291 3158; x_wconf 88' lang='lat' dir='ltr'>et</span> <span class='ocrx_word' id='word_1_453' title='bbox 1301 3105 1404 3172; x_wconf 78' lang='lat' dir='ltr'>justum</span> <span class='ocrx_word' id='word_1_454' title='bbox 1415 3114 1457 3160; x_wconf 88' lang='lat' dir='ltr'>est</span> <span class='ocrx_word' id='word_1_455' title='bbox 1469 3105 1642 3174; x_wconf 90' lang='lat' dir='ltr'>omnipotens</span> <span class='ocrx_word' id='word_1_456' title='bbox 1658 3104 1758 3158; x_wconf 84' lang='lat' dir='ltr'>Pater:</span> 
     </span>
     <span class='ocr_line' id='line_1_32' title="bbox 154 3167 1760 3272; baseline -0.001 -20"><span class='ocrx_word' id='word_1_457' title='bbox 154 3197 217 3254; x_wconf 73' lang='lat' dir='ltr'>Alio</span> <span class='ocrx_word' id='word_1_458' title='bbox 244 3197 345 3272; x_wconf 82' lang='lat' dir='ltr'>Oratio.</span> <span class='ocrx_word' id='word_1_459' title='bbox 369 3195 495 3269; x_wconf 65' lang='lat' dir='ltr'>legistsr</span> <span class='ocrx_word' id='word_1_460' title='bbox 521 3197 644 3254; x_wconf 88' lang='lat' dir='ltr'>omnium</span> <span class='ocrx_word' id='word_1_461' title='bbox 673 3196 863 3268; x_wconf 76' lang='lat' dir='ltr'>apostulorum</span> <span class='ocrx_word' id='word_1_462' title='bbox 885 3206 913 3254; x_wconf 91' lang='lat' dir='ltr'>ot</span> <span class='ocrx_word' id='word_1_463' title='bbox 927 3167 952 3232; x_wconf 60' lang='grc' dir='ltr'>ὓ</span> <span class='ocrx_word' id='word_1_464' title='bbox 966 3208 1031 3252; x_wconf 89' lang='lat' dir='ltr'>rere</span> <span class='ocrx_word' id='word_1_465' title='bbox 1052 3196 1118 3252; x_wconf 82' lang='lat' dir='ltr'>satis</span> <span class='ocrx_word' id='word_1_466' title='bbox 1131 3209 1230 3265; x_wconf 77' lang='lat' dir='ltr'>squam</span> <span class='ocrx_word' id='word_1_467' title='bbox 1253 3203 1281 3252; x_wconf 92' lang='lat' dir='ltr'>et</span> <span class='ocrx_word' id='word_1_468' title='bbox 1304 3196 1424 3266; x_wconf 88' lang='lat' dir='ltr'>pulcrum</span> <span class='ocrx_word' id='word_1_469' title='bbox 1450 3205 1492 3252; x_wconf 90' lang='lat' dir='ltr'>est</span> <span class='ocrx_word' id='word_1_470' title='bbox 1508 3214 1515 3251; x_wconf 93' lang='lat'>:</span> <span class='ocrx_word' id='word_1_471' title='bbox 1531 3209 1580 3251; x_wconf 83' lang='lat' dir='ltr'>trus</span> <span class='ocrx_word' id='word_1_472' title='bbox 1595 3197 1641 3252; x_wconf 91' lang='lat' dir='ltr'>tibi</span> <span class='ocrx_word' id='word_1_473' title='bbox 1659 3199 1760 3267; x_wconf 88' lang='lat' dir='ltr'>gratias</span> 
     </span>
     <span class='ocr_line' id='line_1_33' title="bbox 116 3285 1758 3358; baseline -0.002 -12"><span class='ocrx_word' id='word_1_474' title='bbox 116 3289 215 3346; x_wconf 86' lang='lat' dir='ltr'>ductor</span> <span class='ocrx_word' id='word_1_475' title='bbox 228 3288 350 3346; x_wconf 75' lang='lat' dir='ltr'>Ecclesia</span> <span class='ocrx_word' id='word_1_476' title='bbox 361 3289 486 3346; x_wconf 80' lang='lat' dir='ltr'>Christe:</span> <span class='ocrx_word' id='word_1_477' title='bbox 501 3287 723 3345; x_wconf 76' lang='lat' dir='ltr'>mensurantem</span> <span class='ocrx_word' id='word_1_478' title='bbox 736 3286 815 3348; x_wconf 80' lang='lat' dir='ltr'>uobis</span> <span class='ocrx_word' id='word_1_479' title='bbox 827 3287 854 3344; x_wconf 92' lang='lat' dir='ltr'>in</span> <span class='ocrx_word' id='word_1_480' title='bbox 866 3289 914 3342; x_wconf 94' lang='lat' dir='ltr'>bo-</span> <span class='ocrx_word' id='word_1_481' title='bbox 964 3299 1047 3356; x_wconf 86' lang='lat' dir='ltr'>agere</span> <span class='ocrx_word' id='word_1_482' title='bbox 1057 3301 1065 3340; x_wconf 73' lang='grc' dir='ltr'><strong>ε</strong></span> <span class='ocrx_word' id='word_1_483' title='bbox 1077 3293 1106 3342; x_wconf 90' lang='lat' dir='ltr'>et</span> <span class='ocrx_word' id='word_1_484' title='bbox 1118 3285 1181 3342; x_wconf 86' lang='lat' dir='ltr'>iesu</span> <span class='ocrx_word' id='word_1_485' title='bbox 1194 3285 1303 3342; x_wconf 79' lang='lat' dir='ltr'>Cbristo</span> <span class='ocrx_word' id='word_1_486' title='bbox 1319 3285 1373 3342; x_wconf 84' lang='lat' dir='ltr'>illio</span> <span class='ocrx_word' id='word_1_487' title='bbox 1387 3295 1433 3342; x_wconf 91' lang='lat' dir='ltr'>tuo</span> <span class='ocrx_word' id='word_1_488' title='bbox 1447 3287 1563 3342; x_wconf 86' lang='lat' dir='ltr'>bomine</span> <span class='ocrx_word' id='word_1_489' title='bbox 1584 3299 1678 3343; x_wconf 88' lang='lat' dir='ltr'>nostru</span> <span class='ocrx_word' id='word_1_490' title='bbox 1692 3303 1699 3342; x_wconf 74' lang='lat' dir='ltr'><em>z</em></span> <span class='ocrx_word' id='word_1_491' title='bbox 1712 3291 1758 3358; x_wconf 84' lang='lat' dir='ltr'>qui</span> 
     </span>
     <span class='ocr_line' id='line_1_34' title="bbox 118 3378 1761 3451; baseline -0.002 -13"><span class='ocrx_word' id='word_1_492' title='bbox 118 3396 216 3438; x_wconf 87' lang='lat' dir='ltr'>sorem</span> <span class='ocrx_word' id='word_1_493' title='bbox 240 3390 394 3438; x_wconf 74' lang='lat' dir='ltr'>unctorum</span> <span class='ocrx_word' id='word_1_494' title='bbox 419 3388 525 3438; x_wconf 89' lang='lat' dir='ltr'>tuorum</span> <span class='ocrx_word' id='word_1_495' title='bbox 549 3380 738 3451; x_wconf 79' lang='lat' dir='ltr'>apostotorum</span> <span class='ocrx_word' id='word_1_496' title='bbox 761 3389 790 3438; x_wconf 85' lang='lat' dir='ltr'>ct</span> <span class='ocrx_word' id='word_1_497' title='bbox 812 3378 913 3449; x_wconf 81' lang='lat' dir='ltr'>llattg·</span> <span class='ocrx_word' id='word_1_498' title='bbox 965 3387 1053 3436; x_wconf 86' lang='lat' dir='ltr'>tecum</span> <span class='ocrx_word' id='word_1_499' title='bbox 1072 3387 1173 3436; x_wconf 88' lang='lat' dir='ltr'>etcum</span> <span class='ocrx_word' id='word_1_500' title='bbox 1188 3379 1289 3448; x_wconf 87' lang='lat' dir='ltr'>Spiritu</span> <span class='ocrx_word' id='word_1_501' title='bbox 1311 3380 1496 3436; x_wconf 74' lang='lat' dir='ltr'>sanctoninus</span> <span class='ocrx_word' id='word_1_502' title='bbox 1516 3379 1761 3437; x_wconf 74' lang='lat' dir='ltr'>ludeitateconsi·</span> 
     </span>
     <span class='ocr_line' id='line_1_35' title="bbox 118 3464 1759 3544; baseline -0.001 -15"><span class='ocrx_word' id='word_1_503' title='bbox 118 3489 181 3530; x_wconf 90' lang='lat' dir='ltr'>rum</span> <span class='ocrx_word' id='word_1_504' title='bbox 192 3473 319 3544; x_wconf 78' lang='lat' dir='ltr'>ngsuis</span> <span class='ocrx_word' id='word_1_505' title='bbox 333 3483 360 3528; x_wconf 93' lang='lat' dir='ltr'>et</span> <span class='ocrx_word' id='word_1_506' title='bbox 370 3471 442 3530; x_wconf 87' lang='lat' dir='ltr'>tude</span> <span class='ocrx_word' id='word_1_507' title='bbox 452 3490 459 3530; x_wconf 76' lang='lat' dir='ltr'>s</span> <span class='ocrx_word' id='word_1_508' title='bbox 471 3471 606 3544; x_wconf 88' lang='lat' dir='ltr'>propicius</span> <span class='ocrx_word' id='word_1_509' title='bbox 622 3471 716 3528; x_wconf 81' lang='lat' dir='ltr'>adesse</span> <span class='ocrx_word' id='word_1_510' title='bbox 725 3472 846 3542; x_wconf 79' lang='lat' dir='ltr'>cignus.</span> <span class='ocrx_word' id='word_1_511' title='bbox 859 3471 914 3528; x_wconf 84' lang='lat' dir='ltr'>i&#39;sc</span> <span class='ocrx_word' id='word_1_512' title='bbox 965 3472 1061 3528; x_wconf 86' lang='lat' dir='ltr'>stens&#39;:</span> <span class='ocrx_word' id='word_1_513' title='bbox 1072 3473 1200 3528; x_wconf 79' lang='lat' dir='ltr'>extremis</span> <span class='ocrx_word' id='word_1_514' title='bbox 1214 3473 1306 3530; x_wconf 89' lang='lat' dir='ltr'>mundi</span> <span class='ocrx_word' id='word_1_515' title='bbox 1329 3464 1469 3542; x_wconf 82' lang='lat' dir='ltr'>spiritibui</span> <span class='ocrx_word' id='word_1_516' title='bbox 1491 3488 1601 3529; x_wconf 84' lang='lat' dir='ltr'>caraem</span> <span class='ocrx_word' id='word_1_517' title='bbox 1623 3489 1671 3542; x_wconf 86' lang='lat' dir='ltr'>pro</span> <span class='ocrx_word' id='word_1_518' title='bbox 1684 3474 1759 3528; x_wconf 87' lang='lat' dir='ltr'>redi-</span> 
     </span>
     <span class='ocr_line' id='line_1_36' title="bbox 119 3563 1758 3638; baseline -0.004 -12"><span class='ocrx_word' id='word_1_519' title='bbox 119 3581 173 3626; x_wconf 84' lang='lat' dir='ltr'>uos</span> <span class='ocrx_word' id='word_1_520' title='bbox 190 3581 284 3624; x_wconf 86' lang='lat' dir='ltr'>eurum</span> <span class='ocrx_word' id='word_1_521' title='bbox 304 3567 426 3622; x_wconf 85' lang='lat' dir='ltr'>doctrine</span> <span class='ocrx_word' id='word_1_522' title='bbox 440 3579 589 3638; x_wconf 81' lang='lat' dir='ltr'>sequaces:</span> <span class='ocrx_word' id='word_1_523' title='bbox 605 3565 648 3622; x_wconf 87' lang='lat' dir='ltr'>lac</span> <span class='ocrx_word' id='word_1_524' title='bbox 666 3563 792 3621; x_wconf 82' lang='lat' dir='ltr'>sanabiles</span> <span class='ocrx_word' id='word_1_525' title='bbox 806 3563 867 3620; x_wconf 86' lang='lat' dir='ltr'>:lac</span> <span class='ocrx_word' id='word_1_526' title='bbox 886 3572 915 3620; x_wconf 86' lang='lat' dir='ltr'>ct</span> <span class='ocrx_word' id='word_1_527' title='bbox 965 3563 1069 3620; x_wconf 86' lang='lat' dir='ltr'>atertdis</span> <span class='ocrx_word' id='word_1_528' title='bbox 1082 3565 1195 3620; x_wconf 86' lang='lat' dir='ltr'>seruulis</span> <span class='ocrx_word' id='word_1_529' title='bbox 1209 3567 1322 3634; x_wconf 84' lang='lat' dir='ltr'>sntnpsit</span> <span class='ocrx_word' id='word_1_530' title='bbox 1338 3581 1345 3620; x_wconf 80' lang='lat' dir='ltr'>t</span> <span class='ocrx_word' id='word_1_531' title='bbox 1360 3572 1388 3620; x_wconf 88' lang='lat' dir='ltr'>et</span> <span class='ocrx_word' id='word_1_532' title='bbox 1410 3566 1528 3620; x_wconf 89' lang='lat' dir='ltr'>moriens</span> <span class='ocrx_word' id='word_1_533' title='bbox 1541 3581 1574 3622; x_wconf 91' lang='lat' dir='ltr'>ac</span> <span class='ocrx_word' id='word_1_534' title='bbox 1596 3579 1758 3635; x_wconf 82' lang='lat' dir='ltr'>resurgens:</span> 
     </span>
     <span class='ocr_line' id='line_1_37' title="bbox 117 3657 1759 3729; baseline -0.002 -13"><span class='ocrx_word' id='word_1_535' title='bbox 117 3659 249 3718; x_wconf 87' lang='lat' dir='ltr'>docibiles</span> <span class='ocrx_word' id='word_1_536' title='bbox 261 3678 269 3713; x_wconf 76' lang='grc' dir='ltr'>ι</span> <span class='ocrx_word' id='word_1_537' title='bbox 283 3667 313 3714; x_wconf 92' lang='lat' dir='ltr'>ut</span> <span class='ocrx_word' id='word_1_538' title='bbox 326 3659 361 3716; x_wconf 85' lang='lat' dir='ltr'>ab</span> <span class='ocrx_word' id='word_1_539' title='bbox 374 3660 415 3716; x_wconf 87' lang='lat' dir='ltr'>eis</span> <span class='ocrx_word' id='word_1_540' title='bbox 428 3673 482 3716; x_wconf 89' lang='lat' dir='ltr'>aaa</span> <span class='ocrx_word' id='word_1_541' title='bbox 497 3660 665 3717; x_wconf 83' lang='lat' dir='ltr'>inveniamur</span> <span class='ocrx_word' id='word_1_542' title='bbox 685 3669 828 3715; x_wconf 82' lang='lat' dir='ltr'>extorres:</span> <span class='ocrx_word' id='word_1_543' title='bbox 846 3672 913 3729; x_wconf 80' lang='lat' dir='ltr'>nuos</span> <span class='ocrx_word' id='word_1_544' title='bbox 964 3660 1044 3716; x_wconf 87' lang='lat' dir='ltr'>aubis</span> <span class='ocrx_word' id='word_1_545' title='bbox 1060 3659 1185 3716; x_wconf 88' lang='lat' dir='ltr'>omnibus</span> <span class='ocrx_word' id='word_1_546' title='bbox 1208 3661 1335 3729; x_wconf 87' lang='lat' dir='ltr'>patientie</span> <span class='ocrx_word' id='word_1_547' title='bbox 1358 3659 1548 3714; x_wconf 75' lang='lat' dir='ltr'>documentum</span> <span class='ocrx_word' id='word_1_548' title='bbox 1572 3658 1692 3726; x_wconf 80' lang='lat' dir='ltr'>retinnit.</span> <span class='ocrx_word' id='word_1_549' title='bbox 1709 3657 1759 3725; x_wconf 79' lang='lat' dir='ltr'>Qrti</span> 
     </span>
     <span class='ocr_line' id='line_1_38' title="bbox 116 3752 1761 3828; baseline -0.005 -12"><span class='ocrx_word' id='word_1_550' title='bbox 116 3754 185 3814; x_wconf 83' lang='lat' dir='ltr'>adei</span> <span class='ocrx_word' id='word_1_551' title='bbox 205 3753 305 3811; x_wconf 86' lang='lat' dir='ltr'>seimus</span> <span class='ocrx_word' id='word_1_552' title='bbox 319 3753 441 3826; x_wconf 82' lang='lat' dir='ltr'>egregios</span> <span class='ocrx_word' id='word_1_553' title='bbox 468 3753 638 3814; x_wconf 81' lang='lat' dir='ltr'>educamres.</span> <span class='ocrx_word' id='word_1_554' title='bbox 664 3753 764 3810; x_wconf 77' lang='lat' dir='ltr'>liutem</span> <span class='ocrx_word' id='word_1_555' title='bbox 784 3752 912 3810; x_wconf 83' lang='lat' dir='ltr'>cumillis</span> <span class='ocrx_word' id='word_1_556' title='bbox 966 3758 1079 3816; x_wconf 85' lang='lat' dir='ltr'>sanctos</span> <span class='ocrx_word' id='word_1_557' title='bbox 1100 3759 1242 3828; x_wconf 86' lang='lat' dir='ltr'>spostolus</span> <span class='ocrx_word' id='word_1_558' title='bbox 1256 3756 1402 3826; x_wconf 81' lang='lat' dir='ltr'>disciputus</span> <span class='ocrx_word' id='word_1_559' title='bbox 1426 3769 1491 3810; x_wconf 83' lang='lat' dir='ltr'>snos</span> <span class='ocrx_word' id='word_1_560' title='bbox 1513 3757 1546 3810; x_wconf 85' lang='lat' dir='ltr'>nu</span> <span class='ocrx_word' id='word_1_561' title='bbox 1568 3754 1761 3826; x_wconf 66' lang='lat' dir='ltr'>predicatione</span> 
     </span>
     <span class='ocr_line' id='line_1_39' title="bbox 117 3845 1760 3923; baseline -0.003 -18"><span class='ocrx_word' id='word_1_562' title='bbox 117 3861 184 3918; x_wconf 85' lang='lat' dir='ltr'>spes</span> <span class='ocrx_word' id='word_1_563' title='bbox 199 3857 290 3904; x_wconf 82' lang='lat' dir='ltr'>nustm</span> <span class='ocrx_word' id='word_1_564' title='bbox 304 3849 389 3920; x_wconf 86' lang='lat' dir='ltr'>glorie</span> <span class='ocrx_word' id='word_1_565' title='bbox 407 3848 537 3920; x_wconf 87' lang='lat' dir='ltr'>premium</span> <span class='ocrx_word' id='word_1_566' title='bbox 552 3866 559 3904; x_wconf 75' lang='grc' dir='ltr'><strong><em>ε</em></strong></span> <span class='ocrx_word' id='word_1_567' title='bbox 573 3847 619 3920; x_wconf 84' lang='lat' dir='ltr'>qui</span> <span class='ocrx_word' id='word_1_568' title='bbox 639 3857 779 3920; x_wconf 86' lang='lat' dir='ltr'>postquam</span> <span class='ocrx_word' id='word_1_569' title='bbox 795 3845 914 3918; x_wconf 85' lang='lat' dir='ltr'>magistri</span> <span class='ocrx_word' id='word_1_570' title='bbox 964 3853 1081 3909; x_wconf 82' lang='lat' dir='ltr'>ciliciam</span> <span class='ocrx_word' id='word_1_571' title='bbox 1105 3850 1207 3923; x_wconf 79' lang='lat' dir='ltr'>eligens</span> <span class='ocrx_word' id='word_1_572' title='bbox 1218 3867 1226 3905; x_wconf 72' lang='grc' dir='ltr'><strong>ι</strong></span> <span class='ocrx_word' id='word_1_573' title='bbox 1238 3851 1372 3922; x_wconf 87' lang='lat' dir='ltr'>patienter</span> <span class='ocrx_word' id='word_1_574' title='bbox 1382 3860 1410 3906; x_wconf 91' lang='lat' dir='ltr'>ct</span> <span class='ocrx_word' id='word_1_575' title='bbox 1433 3850 1568 3906; x_wconf 90' lang='lat' dir='ltr'>bumiliter</span> <span class='ocrx_word' id='word_1_576' title='bbox 1582 3849 1674 3904; x_wconf 89' lang='lat' dir='ltr'>docuit</span> <span class='ocrx_word' id='word_1_577' title='bbox 1685 3863 1692 3900; x_wconf 92' lang='lat'><strong>:</strong></span> <span class='ocrx_word' id='word_1_578' title='bbox 1704 3847 1760 3903; x_wconf 74' lang='lat' dir='ltr'>eis·</span> 
     </span>
     <span class='ocr_line' id='line_1_40' title="bbox 117 3938 1761 4015; baseline -0.001 -21"><span class='ocrx_word' id='word_1_579' title='bbox 117 3938 271 3995; x_wconf 78' lang='lat' dir='ltr'>doctrinam</span> <span class='ocrx_word' id='word_1_580' title='bbox 283 3938 409 3998; x_wconf 84' lang='lat' dir='ltr'>tuterunt</span> <span class='ocrx_word' id='word_1_581' title='bbox 424 3940 729 3998; x_wconf 85' lang='lat' dir='ltr'>:merneruutobtiaere</span> <span class='ocrx_word' id='word_1_582' title='bbox 742 3939 910 4012; x_wconf 78' lang='lat' dir='ltr'>martyrium.</span> <span class='ocrx_word' id='word_1_583' title='bbox 965 3959 1017 4015; x_wconf 85' lang='lat' dir='ltr'>que</span> <span class='ocrx_word' id='word_1_584' title='bbox 1041 3942 1200 4000; x_wconf 90' lang='lat' dir='ltr'>sustinendo</span> <span class='ocrx_word' id='word_1_585' title='bbox 1219 3941 1330 4012; x_wconf 81' lang='lat' dir='ltr'>injurias</span> <span class='ocrx_word' id='word_1_586' title='bbox 1357 3941 1520 4014; x_wconf 89' lang='lat' dir='ltr'>perlldoruro</span> <span class='ocrx_word' id='word_1_587' title='bbox 1533 3955 1541 3996; x_wconf 75' lang='grc' dir='ltr'><strong><em>ε</em></strong></span> <span class='ocrx_word' id='word_1_588' title='bbox 1554 3939 1673 4010; x_wconf 91' lang='lat' dir='ltr'>patiendi</span> <span class='ocrx_word' id='word_1_589' title='bbox 1698 3953 1761 3994; x_wconf 87' lang='lat' dir='ltr'>nor·-</span> 
     </span>
     <span class='ocr_line' id='line_1_41' title="bbox 118 4029 1760 4104; baseline -0.001 -16"><span class='ocrx_word' id='word_1_590' title='bbox 118 4031 232 4100; x_wconf 79' lang='lat' dir='ltr'>Fulgeat</span> <span class='ocrx_word' id='word_1_591' title='bbox 246 4030 367 4087; x_wconf 83' lang='lat' dir='ltr'>Ecclesia</span> <span class='ocrx_word' id='word_1_592' title='bbox 388 4032 495 4090; x_wconf 90' lang='lat' dir='ltr'>illorum</span> <span class='ocrx_word' id='word_1_593' title='bbox 521 4032 644 4089; x_wconf 88' lang='lat' dir='ltr'>doctrina</span> <span class='ocrx_word' id='word_1_594' title='bbox 658 4047 790 4104; x_wconf 77' lang='lat' dir='ltr'>:sucrum</span> <span class='ocrx_word' id='word_1_595' title='bbox 811 4035 839 4088; x_wconf 89' lang='lat' dir='ltr'>ia</span> <span class='ocrx_word' id='word_1_596' title='bbox 866 4031 913 4090; x_wconf 87' lang='lat' dir='ltr'>ilia</span> <span class='ocrx_word' id='word_1_597' title='bbox 965 4051 1036 4094; x_wconf 78' lang='lat' dir='ltr'>mrum</span> <span class='ocrx_word' id='word_1_598' title='bbox 1051 4033 1222 4092; x_wconf 84' lang='lat' dir='ltr'>monstrarit.</span> <span class='ocrx_word' id='word_1_599' title='bbox 1239 4033 1260 4088; x_wconf 80' lang='lat' dir='ltr'>F.</span> <span class='ocrx_word' id='word_1_600' title='bbox 1282 4033 1381 4104; x_wconf 81' lang='lat' dir='ltr'>quibus</span> <span class='ocrx_word' id='word_1_601' title='bbox 1396 4039 1459 4088; x_wconf 88' lang='lat' dir='ltr'>sunt</span> <span class='ocrx_word' id='word_1_602' title='bbox 1480 4032 1526 4087; x_wconf 91' lang='lat' dir='ltr'>isti</span> <span class='ocrx_word' id='word_1_603' title='bbox 1539 4047 1546 4085; x_wconf 73' lang='grc' dir='ltr'><strong>ι</strong></span> <span class='ocrx_word' id='word_1_604' title='bbox 1559 4046 1672 4102; x_wconf 86' lang='lat' dir='ltr'>qnorum</span> <span class='ocrx_word' id='word_1_605' title='bbox 1692 4029 1760 4084; x_wconf 83' lang='lat' dir='ltr'>iesta</span> 
     </span>
     <span class='ocr_line' id='line_1_42' title="bbox 121 4119 1760 4199; baseline 0 -21"><span class='ocrx_word' id='word_1_606' title='bbox 121 4119 236 4178; x_wconf 82' lang='lat' dir='ltr'>habetur</span> <span class='ocrx_word' id='word_1_607' title='bbox 263 4123 407 4194; x_wconf 75' lang='lat' dir='ltr'>predicatio</span> <span class='ocrx_word' id='word_1_608' title='bbox 433 4123 558 4196; x_wconf 88' lang='lat' dir='ltr'>gloriosa.</span> <span class='ocrx_word' id='word_1_609' title='bbox 586 4123 683 4182; x_wconf 82' lang='lat' dir='ltr'>bdsiat</span> <span class='ocrx_word' id='word_1_610' title='bbox 708 4123 814 4180; x_wconf 89' lang='lat' dir='ltr'>miseris</span> <span class='ocrx_word' id='word_1_611' title='bbox 835 4123 913 4182; x_wconf 87' lang='lat' dir='ltr'>uobis</span> <span class='ocrx_word' id='word_1_612' title='bbox 964 4129 1131 4186; x_wconf 86' lang='lat' dir='ltr'>celebramus</span> <span class='ocrx_word' id='word_1_613' title='bbox 1144 4128 1233 4182; x_wconf 87' lang='lat' dir='ltr'>Sancti</span> <span class='ocrx_word' id='word_1_614' title='bbox 1248 4127 1348 4199; x_wconf 83' lang='lat' dir='ltr'>symon</span> <span class='ocrx_word' id='word_1_615' title='bbox 1362 4135 1391 4182; x_wconf 91' lang='lat' dir='ltr'>et</span> <span class='ocrx_word' id='word_1_616' title='bbox 1407 4124 1566 4196; x_wconf 76' lang='lat' dir='ltr'>iudsszqui</span> <span class='ocrx_word' id='word_1_617' title='bbox 1588 4135 1615 4181; x_wconf 90' lang='lat' dir='ltr'>et</span> <span class='ocrx_word' id='word_1_618' title='bbox 1628 4123 1760 4180; x_wconf 83' lang='lat' dir='ltr'>doctrinis</span> 
     </span>
     <span class='ocr_line' id='line_1_43' title="bbox 121 4211 1759 4286; baseline 0.002 -20"><span class='ocrx_word' id='word_1_619' title='bbox 121 4224 185 4266; x_wconf 90' lang='lat' dir='ltr'>cam</span> <span class='ocrx_word' id='word_1_620' title='bbox 199 4212 325 4270; x_wconf 86' lang='lat' dir='ltr'>omuibus</span> <span class='ocrx_word' id='word_1_621' title='bbox 344 4211 482 4284; x_wconf 83' lang='lat' dir='ltr'>adjutores</span> <span class='ocrx_word' id='word_1_622' title='bbox 493 4231 501 4268; x_wconf 91' lang='lat'>:</span> <span class='ocrx_word' id='word_1_623' title='bbox 514 4213 558 4284; x_wconf 86' lang='lat' dir='ltr'>qui</span> <span class='ocrx_word' id='word_1_624' title='bbox 572 4213 692 4271; x_wconf 79' lang='lat' dir='ltr'>Ecclesie</span> <span class='ocrx_word' id='word_1_625' title='bbox 714 4213 851 4271; x_wconf 88' lang='lat' dir='ltr'>mirabiles</span> <span class='ocrx_word' id='word_1_626' title='bbox 865 4229 914 4271; x_wconf 87' lang='lat' dir='ltr'>es·</span> <span class='ocrx_word' id='word_1_627' title='bbox 964 4223 1096 4276; x_wconf 74' lang='lat' dir='ltr'>veraciter</span> <span class='ocrx_word' id='word_1_628' title='bbox 1109 4227 1173 4276; x_wconf 89' lang='lat' dir='ltr'>sunt</span> <span class='ocrx_word' id='word_1_629' title='bbox 1185 4217 1271 4274; x_wconf 90' lang='lat' dir='ltr'>edocti</span> <span class='ocrx_word' id='word_1_630' title='bbox 1283 4234 1292 4274; x_wconf 76' lang='lat' dir='ltr'>r</span> <span class='ocrx_word' id='word_1_631' title='bbox 1306 4227 1334 4274; x_wconf 94' lang='lat' dir='ltr'>et</span> <span class='ocrx_word' id='word_1_632' title='bbox 1347 4217 1471 4286; x_wconf 90' lang='lat' dir='ltr'>patientie</span> <span class='ocrx_word' id='word_1_633' title='bbox 1491 4216 1633 4272; x_wconf 83' lang='lat' dir='ltr'>rit-tutibus</span> <span class='ocrx_word' id='word_1_634' title='bbox 1649 4215 1759 4270; x_wconf 87' lang='lat' dir='ltr'>mirabl-</span> 
     </span>
     <span class='ocr_line' id='line_1_44' title="bbox 123 4299 1758 4380; baseline -0.001 -15"><span class='ocrx_word' id='word_1_635' title='bbox 123 4299 234 4360; x_wconf 79' lang='lat' dir='ltr'>uterum</span> <span class='ocrx_word' id='word_1_636' title='bbox 250 4303 391 4360; x_wconf 80' lang='lat' dir='ltr'>unctores.</span> <span class='ocrx_word' id='word_1_637' title='bbox 412 4305 531 4360; x_wconf 83' lang='lat' dir='ltr'>boream</span> <span class='ocrx_word' id='word_1_638' title='bbox 553 4317 603 4360; x_wconf 84' lang='lat' dir='ltr'>nos</span> <span class='ocrx_word' id='word_1_639' title='bbox 617 4319 738 4362; x_wconf 87' lang='lat' dir='ltr'>normam</span> <span class='ocrx_word' id='word_1_640' title='bbox 763 4313 856 4362; x_wconf 77' lang='lat' dir='ltr'>terrers</span> <span class='ocrx_word' id='word_1_641' title='bbox 868 4306 912 4377; x_wconf 92' lang='lat' dir='ltr'>iu·</span> <span class='ocrx_word' id='word_1_642' title='bbox 965 4313 1004 4368; x_wconf 88' lang='lat' dir='ltr'>les</span> <span class='ocrx_word' id='word_1_643' title='bbox 1019 4311 1118 4368; x_wconf 80' lang='lat' dir='ltr'>inventi</span> <span class='ocrx_word' id='word_1_644' title='bbox 1133 4319 1196 4367; x_wconf 89' lang='lat' dir='ltr'>suns</span> <span class='ocrx_word' id='word_1_645' title='bbox 1215 4319 1243 4366; x_wconf 90' lang='lat' dir='ltr'>et</span> <span class='ocrx_word' id='word_1_646' title='bbox 1261 4311 1445 4380; x_wconf 70' lang='lat' dir='ltr'>perterrebat</span> <span class='ocrx_word' id='word_1_647' title='bbox 1459 4310 1618 4365; x_wconf 86' lang='lat' dir='ltr'>demonibus</span> <span class='ocrx_word' id='word_1_648' title='bbox 1632 4310 1657 4364; x_wconf 87' lang='lat' dir='ltr'>in</span> <span class='ocrx_word' id='word_1_649' title='bbox 1679 4308 1758 4364; x_wconf 82' lang='lat' dir='ltr'>idolis</span> 
     </span>
     <span class='ocr_line' id='line_1_45' title="bbox 120 4395 1759 4476; baseline -0.001 -19"><span class='ocrx_word' id='word_1_650' title='bbox 120 4395 219 4450; x_wconf 87' lang='lat' dir='ltr'>sticie:</span> <span class='ocrx_word' id='word_1_651' title='bbox 237 4409 350 4467; x_wconf 77' lang='lat' dir='ltr'>quorum</span> <span class='ocrx_word' id='word_1_652' title='bbox 373 4397 606 4466; x_wconf 75' lang='lat' dir='ltr'>uraedlculiunibut</span> <span class='ocrx_word' id='word_1_653' title='bbox 634 4399 716 4470; x_wconf 70' lang='lat' dir='ltr'>fulget</span> <span class='ocrx_word' id='word_1_654' title='bbox 739 4399 857 4456; x_wconf 64' lang='lat' dir='ltr'>Ecclesia</span> <span class='ocrx_word' id='word_1_655' title='bbox 884 4410 913 4457; x_wconf 90' lang='lat' dir='ltr'>ut</span> <span class='ocrx_word' id='word_1_656' title='bbox 965 4405 1099 4463; x_wconf 89' lang='lat' dir='ltr'>silentium</span> <span class='ocrx_word' id='word_1_657' title='bbox 1116 4412 1237 4476; x_wconf 81' lang='lat' dir='ltr'>possunt:</span> <span class='ocrx_word' id='word_1_658' title='bbox 1254 4413 1281 4460; x_wconf 89' lang='lat' dir='ltr'>et</span> <span class='ocrx_word' id='word_1_659' title='bbox 1303 4403 1452 4459; x_wconf 85' lang='lat' dir='ltr'>iterumad</span> <span class='ocrx_word' id='word_1_660' title='bbox 1473 4401 1635 4458; x_wconf 88' lang='lat' dir='ltr'>derisionem</span> <span class='ocrx_word' id='word_1_661' title='bbox 1650 4403 1759 4473; x_wconf 91' lang='lat' dir='ltr'>pontill-</span> 
     </span>
     <span class='ocr_line' id='line_1_46' title="bbox 121 4485 1758 4582; baseline 0.005 -41"><span class='ocrx_word' id='word_1_662' title='bbox 121 4485 170 4542; x_wconf 89' lang='lat' dir='ltr'>Soi</span> <span class='ocrx_word' id='word_1_663' title='bbox 188 4495 216 4542; x_wconf 90' lang='lat' dir='ltr'>et</span> <span class='ocrx_word' id='word_1_664' title='bbox 238 4485 323 4543; x_wconf 85' lang='lat' dir='ltr'>buna.</span> <span class='ocrx_word' id='word_1_665' title='bbox 348 4487 458 4560; x_wconf 83' lang='lat' dir='ltr'>Erigant</span> <span class='ocrx_word' id='word_1_666' title='bbox 482 4488 572 4560; x_wconf 87' lang='lat' dir='ltr'>irpsos</span> <span class='ocrx_word' id='word_1_667' title='bbox 594 4489 628 4546; x_wconf 86' lang='lat' dir='ltr'>ati</span> <span class='ocrx_word' id='word_1_668' title='bbox 652 4491 825 4559; x_wconf 78' lang='lat' dir='ltr'>penitentium</span> <span class='ocrx_word' id='word_1_669' title='bbox 842 4507 849 4544; x_wconf 79' lang='lat' dir='ltr'><strong><em>z</em></strong></span> <span class='ocrx_word' id='word_1_670' title='bbox 864 4493 910 4562; x_wconf 84' lang='lat' dir='ltr'>qai</span> <span class='ocrx_word' id='word_1_671' title='bbox 928 4513 1025 4582; x_wconf 71' lang='lat' dir='ltr'>Deum</span> <span class='ocrx_word' id='word_1_672' title='bbox 1051 4497 1122 4553; x_wconf 88' lang='lat' dir='ltr'>idola</span> <span class='ocrx_word' id='word_1_673' title='bbox 1144 4496 1287 4553; x_wconf 88' lang='lat' dir='ltr'>colentium</span> <span class='ocrx_word' id='word_1_674' title='bbox 1300 4511 1307 4549; x_wconf 91' lang='lat'>:</span> <span class='ocrx_word' id='word_1_675' title='bbox 1321 4494 1392 4551; x_wconf 83' lang='lat' dir='ltr'>idola</span> <span class='ocrx_word' id='word_1_676' title='bbox 1418 4494 1489 4564; x_wconf 78' lang='lat' dir='ltr'>logui</span> <span class='ocrx_word' id='word_1_677' title='bbox 1516 4494 1677 4564; x_wconf 89' lang='lat' dir='ltr'>precipiunt.</span> <span class='ocrx_word' id='word_1_678' title='bbox 1706 4493 1758 4562; x_wconf 85' lang='lat' dir='ltr'>Qui</span> 
     </span>
     <span class='ocr_line' id='line_1_47' title="bbox 120 4579 1757 4659; baseline -0.004 -23"><span class='ocrx_word' id='word_1_679' title='bbox 120 4580 215 4638; x_wconf 80' lang='lat' dir='ltr'>eximii</span> <span class='ocrx_word' id='word_1_680' title='bbox 227 4579 290 4636; x_wconf 87' lang='lat' dir='ltr'>lacti</span> <span class='ocrx_word' id='word_1_681' title='bbox 304 4587 365 4637; x_wconf 89' lang='lat' dir='ltr'>sunt</span> <span class='ocrx_word' id='word_1_682' title='bbox 380 4594 429 4652; x_wconf 88' lang='lat' dir='ltr'>per</span> <span class='ocrx_word' id='word_1_683' title='bbox 443 4580 603 4640; x_wconf 87' lang='lat' dir='ltr'>doctrinam.</span> <span class='ocrx_word' id='word_1_684' title='bbox 620 4581 766 4652; x_wconf 87' lang='lat' dir='ltr'>impetrent</span> <span class='ocrx_word' id='word_1_685' title='bbox 788 4590 912 4651; x_wconf 90' lang='lat' dir='ltr'>peccato·</span> <span class='ocrx_word' id='word_1_686' title='bbox 964 4589 1079 4647; x_wconf 89' lang='lat' dir='ltr'>laturam</span> <span class='ocrx_word' id='word_1_687' title='bbox 1093 4605 1153 4647; x_wconf 90' lang='lat' dir='ltr'>esse</span> <span class='ocrx_word' id='word_1_688' title='bbox 1166 4604 1258 4659; x_wconf 83' lang='lat' dir='ltr'>pacem</span> <span class='ocrx_word' id='word_1_689' title='bbox 1273 4587 1433 4644; x_wconf 89' lang='lat' dir='ltr'>mundorum</span> <span class='ocrx_word' id='word_1_690' title='bbox 1452 4585 1578 4642; x_wconf 85' lang='lat' dir='ltr'>nunciant</span> <span class='ocrx_word' id='word_1_691' title='bbox 1591 4605 1597 4640; x_wconf 92' lang='lat'>:</span> <span class='ocrx_word' id='word_1_692' title='bbox 1609 4595 1637 4642; x_wconf 88' lang='lat' dir='ltr'>et</span> <span class='ocrx_word' id='word_1_693' title='bbox 1652 4587 1757 4656; x_wconf 71' lang='lat' dir='ltr'>putten.</span> 
     </span>
     <span class='ocr_line' id='line_1_48' title="bbox 120 4671 1757 4743; baseline 0.002 -15"><span class='ocrx_word' id='word_1_694' title='bbox 120 4671 198 4728; x_wconf 88' lang='lat' dir='ltr'>ribus</span> <span class='ocrx_word' id='word_1_695' title='bbox 218 4672 353 4729; x_wconf 86' lang='lat' dir='ltr'>scelerum</span> <span class='ocrx_word' id='word_1_696' title='bbox 380 4673 485 4729; x_wconf 87' lang='lat' dir='ltr'>reniam</span> <span class='ocrx_word' id='word_1_697' title='bbox 499 4691 505 4728; x_wconf 92' lang='lat'>:</span> <span class='ocrx_word' id='word_1_698' title='bbox 518 4675 563 4743; x_wconf 84' lang='lat' dir='ltr'>qui</span> <span class='ocrx_word' id='word_1_699' title='bbox 583 4675 712 4730; x_wconf 81' lang='lat' dir='ltr'>doctrinis</span> <span class='ocrx_word' id='word_1_700' title='bbox 735 4672 914 4730; x_wconf 82' lang='lat' dir='ltr'>luadaverunt</span> <span class='ocrx_word' id='word_1_701' title='bbox 965 4691 1005 4737; x_wconf 86' lang='lat' dir='ltr'>ter</span> <span class='ocrx_word' id='word_1_702' title='bbox 1025 4680 1165 4737; x_wconf 87' lang='lat' dir='ltr'>stultorum</span> <span class='ocrx_word' id='word_1_703' title='bbox 1191 4677 1417 4735; x_wconf 80' lang='lat' dir='ltr'>corrtradictiones</span> <span class='ocrx_word' id='word_1_704' title='bbox 1440 4679 1585 4732; x_wconf 87' lang='lat' dir='ltr'>sustinent.</span> <span class='ocrx_word' id='word_1_705' title='bbox 1599 4677 1649 4742; x_wconf 84' lang='lat' dir='ltr'>Qui</span> <span class='ocrx_word' id='word_1_706' title='bbox 1673 4678 1757 4731; x_wconf 87' lang='lat' dir='ltr'>rerba</span> 
     </span>
     <span class='ocr_line' id='line_1_49' title="bbox 122 4759 1758 4841; baseline 0.002 -23"><span class='ocrx_word' id='word_1_707' title='bbox 122 4759 285 4820; x_wconf 83' lang='lat' dir='ltr'>Ecclesiam.</span> <span class='ocrx_word' id='word_1_708' title='bbox 305 4762 451 4822; x_wconf 85' lang='lat' dir='ltr'>Goulerant</span> <span class='ocrx_word' id='word_1_709' title='bbox 472 4763 590 4836; x_wconf 81' lang='lat' dir='ltr'>Regibus</span> <span class='ocrx_word' id='word_1_710' title='bbox 607 4765 770 4822; x_wconf 81' lang='lat' dir='ltr'>strodestiam</span> <span class='ocrx_word' id='word_1_711' title='bbox 785 4781 792 4818; x_wconf 75' lang='grc' dir='ltr'><strong>ε</strong></span> <span class='ocrx_word' id='word_1_712' title='bbox 806 4765 914 4836; x_wconf 84' lang='lat' dir='ltr'>virgini·</span> <span class='ocrx_word' id='word_1_713' title='bbox 965 4771 1093 4828; x_wconf 87' lang='lat' dir='ltr'>demones</span> <span class='ocrx_word' id='word_1_714' title='bbox 1108 4769 1191 4841; x_wconf 89' lang='lat' dir='ltr'>ligant</span> <span class='ocrx_word' id='word_1_715' title='bbox 1202 4786 1209 4826; x_wconf 77' lang='lat' dir='ltr'>a</span> <span class='ocrx_word' id='word_1_716' title='bbox 1221 4777 1249 4826; x_wconf 91' lang='lat' dir='ltr'>et</span> <span class='ocrx_word' id='word_1_717' title='bbox 1269 4769 1412 4826; x_wconf 88' lang='lat' dir='ltr'>stultorum</span> <span class='ocrx_word' id='word_1_718' title='bbox 1428 4767 1565 4824; x_wconf 90' lang='lat' dir='ltr'>bominum</span> <span class='ocrx_word' id='word_1_719' title='bbox 1588 4767 1699 4838; x_wconf 80' lang='lat' dir='ltr'>issjttrias</span> <span class='ocrx_word' id='word_1_720' title='bbox 1715 4777 1758 4822; x_wconf 93' lang='lat' dir='ltr'>tu·</span> 
     </span>
     <span class='ocr_line' id='line_1_50' title="bbox 119 4855 1757 4933; baseline 0.002 -23"><span class='ocrx_word' id='word_1_721' title='bbox 119 4855 172 4912; x_wconf 92' lang='lat' dir='ltr'>bus</span> <span class='ocrx_word' id='word_1_722' title='bbox 202 4856 429 4926; x_wconf 78' lang='lat' dir='ltr'>perseuerantiam</span> <span class='ocrx_word' id='word_1_723' title='bbox 456 4875 462 4912; x_wconf 95' lang='lat'><strong>:</strong></span> <span class='ocrx_word' id='word_1_724' title='bbox 487 4857 591 4914; x_wconf 88' lang='lat' dir='ltr'>clericis</span> <span class='ocrx_word' id='word_1_725' title='bbox 617 4856 787 4927; x_wconf 88' lang='lat' dir='ltr'>disciplinam</span> <span class='ocrx_word' id='word_1_726' title='bbox 808 4873 815 4910; x_wconf 77' lang='grc' dir='ltr'><strong><em>ε</em></strong></span> <span class='ocrx_word' id='word_1_727' title='bbox 837 4856 914 4914; x_wconf 86' lang='lat' dir='ltr'>laicis</span> <span class='ocrx_word' id='word_1_728' title='bbox 965 4863 1061 4920; x_wconf 87' lang='lat' dir='ltr'>lerant.</span> <span class='ocrx_word' id='word_1_729' title='bbox 1076 4863 1126 4933; x_wconf 86' lang='lat' dir='ltr'>Qui</span> <span class='ocrx_word' id='word_1_730' title='bbox 1141 4878 1188 4933; x_wconf 90' lang='lat' dir='ltr'>per</span> <span class='ocrx_word' id='word_1_731' title='bbox 1206 4862 1361 4932; x_wconf 87' lang='lat' dir='ltr'>patientiam</span> <span class='ocrx_word' id='word_1_732' title='bbox 1378 4859 1531 4932; x_wconf 76' lang='lat' dir='ltr'>nealiqnid</span> <span class='ocrx_word' id='word_1_733' title='bbox 1546 4861 1607 4914; x_wconf 90' lang='lat' dir='ltr'>maii</span> <span class='ocrx_word' id='word_1_734' title='bbox 1629 4861 1757 4914; x_wconf 88' lang='lat' dir='ltr'>inrisores</span> 
     </span>
     <span class='ocr_line' id='line_1_51' title="bbox 118 4947 1757 5030; baseline -0.001 -25"><span class='ocrx_word' id='word_1_735' title='bbox 118 4951 330 5006; x_wconf 89' lang='lat' dir='ltr'>continentiam:</span> <span class='ocrx_word' id='word_1_736' title='bbox 347 4949 511 5008; x_wconf 88' lang='lat' dir='ltr'>certantibus</span> <span class='ocrx_word' id='word_1_737' title='bbox 531 4949 557 5005; x_wconf 90' lang='lat' dir='ltr'>in</span> <span class='ocrx_word' id='word_1_738' title='bbox 580 4949 633 5006; x_wconf 88' lang='lat' dir='ltr'>lide</span> <span class='ocrx_word' id='word_1_739' title='bbox 655 4948 833 5006; x_wconf 85' lang='lat' dir='ltr'>oosrstatnisut</span> <span class='ocrx_word' id='word_1_740' title='bbox 848 4966 854 5002; x_wconf 75' lang='grc' dir='ltr'><strong><em>ε</em></strong></span> <span class='ocrx_word' id='word_1_741' title='bbox 869 4947 915 5018; x_wconf 81' lang='lat' dir='ltr'>qui</span> <span class='ocrx_word' id='word_1_742' title='bbox 965 4957 1047 5030; x_wconf 69' lang='lat'>390</span> <span class='ocrx_word' id='word_1_743' title='bbox 1067 4965 1095 5012; x_wconf 66' lang='lat' dir='ltr'>es</span> <span class='ocrx_word' id='word_1_744' title='bbox 1109 4953 1257 5012; x_wconf 71' lang='lat' dir='ltr'>superserit</span> <span class='ocrx_word' id='word_1_745' title='bbox 1282 4961 1438 5025; x_wconf 77' lang='lat' dir='ltr'>paterentur</span> <span class='ocrx_word' id='word_1_746' title='bbox 1453 4958 1566 5008; x_wconf 82' lang='lat' dir='ltr'>exorant</span> <span class='ocrx_word' id='word_1_747' title='bbox 1581 4967 1588 5003; x_wconf 93' lang='lat'><strong>:</strong></span> <span class='ocrx_word' id='word_1_748' title='bbox 1605 4963 1632 5005; x_wconf 91' lang='lat' dir='ltr'>et</span> <span class='ocrx_word' id='word_1_749' title='bbox 1655 4947 1757 5004; x_wconf 70' lang='lat' dir='ltr'>Cnristi</span> 
     </span>
     <span class='ocr_line' id='line_1_52' title="bbox 120 5037 1773 5119; baseline -0.003 -21"><span class='ocrx_word' id='word_1_750' title='bbox 120 5041 197 5117; x_wconf 81' lang='lat' dir='ltr'>quusi</span> <span class='ocrx_word' id='word_1_751' title='bbox 211 5041 238 5100; x_wconf 90' lang='lat' dir='ltr'>io</span> <span class='ocrx_word' id='word_1_752' title='bbox 254 5043 321 5101; x_wconf 88' lang='lat' dir='ltr'>mari</span> <span class='ocrx_word' id='word_1_753' title='bbox 336 5057 434 5100; x_wconf 90' lang='lat' dir='ltr'>narem</span> <span class='ocrx_word' id='word_1_754' title='bbox 449 5041 676 5116; x_wconf 89' lang='lat' dir='ltr'>predicationibus</span> <span class='ocrx_word' id='word_1_755' title='bbox 690 5042 842 5112; x_wconf 84' lang='lat' dir='ltr'>gubernant</span> <span class='ocrx_word' id='word_1_756' title='bbox 859 5037 913 5096; x_wconf 87' lang='lat' dir='ltr'>llo·</span> <span class='ocrx_word' id='word_1_757' title='bbox 967 5057 1111 5119; x_wconf 65' lang='lat' dir='ltr'>sequentes</span> <span class='ocrx_word' id='word_1_758' title='bbox 1134 5046 1244 5117; x_wconf 69' lang='lat' dir='ltr'>uestigia</span> <span class='ocrx_word' id='word_1_759' title='bbox 1264 5059 1319 5102; x_wconf 78' lang='lat' dir='ltr'>non</span> <span class='ocrx_word' id='word_1_760' title='bbox 1341 5045 1441 5100; x_wconf 76' lang='lat' dir='ltr'>matum</span> <span class='ocrx_word' id='word_1_761' title='bbox 1458 5058 1507 5114; x_wconf 83' lang='lat' dir='ltr'>pro</span> <span class='ocrx_word' id='word_1_762' title='bbox 1530 5041 1600 5097; x_wconf 88' lang='lat' dir='ltr'>maio</span> <span class='ocrx_word' id='word_1_763' title='bbox 1622 5041 1736 5097; x_wconf 86' lang='lat' dir='ltr'>reddere</span> <span class='ocrx_word' id='word_1_764' title='bbox 1749 5056 1773 5094; x_wconf 85' lang='lat'>:-</span> 
     </span>
     <span class='ocr_line' id='line_1_53' title="bbox 120 5132 1755 5208; baseline -0.004 -16"><span class='ocrx_word' id='word_1_765' title='bbox 120 5135 241 5192; x_wconf 88' lang='lat' dir='ltr'>elesiaru.</span> <span class='ocrx_word' id='word_1_766' title='bbox 267 5133 302 5192; x_wconf 89' lang='lat' dir='ltr'>lit</span> <span class='ocrx_word' id='word_1_767' title='bbox 325 5135 372 5208; x_wconf 81' lang='lat' dir='ltr'>qul</span> <span class='ocrx_word' id='word_1_768' title='bbox 395 5133 503 5192; x_wconf 90' lang='lat' dir='ltr'>illorum</span> <span class='ocrx_word' id='word_1_769' title='bbox 528 5133 650 5192; x_wconf 84' lang='lat' dir='ltr'>victoriis</span> <span class='ocrx_word' id='word_1_770' title='bbox 671 5133 781 5191; x_wconf 74' lang='lat' dir='ltr'>exuuii</span> <span class='ocrx_word' id='word_1_771' title='bbox 798 5151 804 5188; x_wconf 90' lang='lat'>:</span> <span class='ocrx_word' id='word_1_772' title='bbox 819 5149 914 5190; x_wconf 90' lang='lat' dir='ltr'>eurum</span> <span class='ocrx_word' id='word_1_773' title='bbox 966 5139 1015 5196; x_wconf 90' lang='lat' dir='ltr'>sed</span> <span class='ocrx_word' id='word_1_774' title='bbox 1029 5139 1151 5194; x_wconf 77' lang='lat' dir='ltr'>immicus</span> <span class='ocrx_word' id='word_1_775' title='bbox 1165 5137 1266 5194; x_wconf 88' lang='lat' dir='ltr'>debere</span> <span class='ocrx_word' id='word_1_776' title='bbox 1279 5135 1392 5206; x_wconf 90' lang='lat' dir='ltr'>diligere</span> <span class='ocrx_word' id='word_1_777' title='bbox 1406 5133 1555 5204; x_wconf 90' lang='lat' dir='ltr'>predicant.</span> <span class='ocrx_word' id='word_1_778' title='bbox 1570 5132 1620 5199; x_wconf 74' lang='lat' dir='ltr'>ptri</span> <span class='ocrx_word' id='word_1_779' title='bbox 1633 5132 1755 5199; x_wconf 80' lang='lat' dir='ltr'>celciam</span> 
     </span>
     <span class='ocr_line' id='line_1_54' title="bbox 121 5223 1753 5292; baseline -0.006 -8"><span class='ocrx_word' id='word_1_780' title='bbox 121 5227 243 5284; x_wconf 87' lang='lat' dir='ltr'>solennia</span> <span class='ocrx_word' id='word_1_781' title='bbox 269 5227 563 5284; x_wconf 76' lang='lat' dir='ltr'>celebrrmmzeornm</span> <span class='ocrx_word' id='word_1_782' title='bbox 587 5225 689 5281; x_wconf 89' lang='lat' dir='ltr'>meritis</span> <span class='ocrx_word' id='word_1_783' title='bbox 715 5238 732 5279; x_wconf 84' lang='lat' dir='ltr'>s</span> <span class='ocrx_word' id='word_1_784' title='bbox 755 5225 914 5282; x_wconf 87' lang='lat' dir='ltr'>criminibus</span> <span class='ocrx_word' id='word_1_785' title='bbox 967 5229 1213 5287; x_wconf 77' lang='lat' dir='ltr'>diritcszterrenas</span> <span class='ocrx_word' id='word_1_786' title='bbox 1235 5237 1263 5284; x_wconf 92' lang='lat' dir='ltr'>et</span> <span class='ocrx_word' id='word_1_787' title='bbox 1288 5235 1456 5283; x_wconf 89' lang='lat' dir='ltr'>terrenorum</span> <span class='ocrx_word' id='word_1_788' title='bbox 1480 5223 1588 5280; x_wconf 74' lang='lat' dir='ltr'>diritius</span> <span class='ocrx_word' id='word_1_789' title='bbox 1602 5229 1753 5292; x_wconf 77' lang='lat' dir='ltr'>spernunt:</span> 
     </span>
     <span class='ocr_line' id='line_1_55' title="bbox 122 5313 1757 5392; baseline -0.004 -16"><span class='ocrx_word' id='word_1_790' title='bbox 122 5318 238 5376; x_wconf 89' lang='lat' dir='ltr'>absoluti</span> <span class='ocrx_word' id='word_1_791' title='bbox 252 5335 259 5372; x_wconf 74' lang='grc' dir='ltr'>ι</span> <span class='ocrx_word' id='word_1_792' title='bbox 271 5317 303 5374; x_wconf 91' lang='lat' dir='ltr'>ad</span> <span class='ocrx_word' id='word_1_793' title='bbox 316 5327 342 5375; x_wconf 90' lang='lat' dir='ltr'>tc</span> <span class='ocrx_word' id='word_1_794' title='bbox 355 5327 415 5390; x_wconf 92' lang='lat' dir='ltr'>post</span> <span class='ocrx_word' id='word_1_795' title='bbox 429 5318 570 5374; x_wconf 88' lang='lat' dir='ltr'>transitum</span> <span class='ocrx_word' id='word_1_796' title='bbox 584 5317 735 5373; x_wconf 84' lang='lat' dir='ltr'>veniamus.</span> <span class='ocrx_word' id='word_1_797' title='bbox 759 5317 797 5386; x_wconf 74' lang='lat' dir='ltr'>ri.</span> <span class='ocrx_word' id='word_1_798' title='bbox 813 5318 911 5374; x_wconf 75' lang='lat' dir='ltr'>amen.</span> <span class='ocrx_word' id='word_1_799' title='bbox 967 5332 994 5378; x_wconf 73' lang='lat' dir='ltr'>et</span> <span class='ocrx_word' id='word_1_800' title='bbox 1008 5323 1103 5392; x_wconf 76' lang='lat' dir='ltr'>spiritu</span> <span class='ocrx_word' id='word_1_801' title='bbox 1120 5334 1250 5391; x_wconf 81' lang='lat' dir='ltr'>pauperes</span> <span class='ocrx_word' id='word_1_802' title='bbox 1267 5328 1295 5376; x_wconf 87' lang='lat' dir='ltr'>et</span> <span class='ocrx_word' id='word_1_803' title='bbox 1317 5318 1386 5374; x_wconf 86' lang='lat' dir='ltr'>boati</span> <span class='ocrx_word' id='word_1_804' title='bbox 1400 5335 1407 5372; x_wconf 75' lang='grc' dir='ltr'>ς</span> <span class='ocrx_word' id='word_1_805' title='bbox 1421 5315 1469 5372; x_wconf 88' lang='lat' dir='ltr'>iras</span> <span class='ocrx_word' id='word_1_806' title='bbox 1489 5313 1650 5388; x_wconf 83' lang='lat' dir='ltr'>pauperibus</span> <span class='ocrx_word' id='word_1_807' title='bbox 1665 5313 1757 5367; x_wconf 87' lang='lat' dir='ltr'>diatri-</span> 
     </span>
     <span class='ocr_line' id='line_1_56' title="bbox 160 5404 1757 5488; baseline -0.006 -20"><span class='ocrx_word' id='word_1_808' title='bbox 160 5411 224 5468; x_wconf 76' lang='lat' dir='ltr'>Post</span> <span class='ocrx_word' id='word_1_809' title='bbox 243 5410 360 5466; x_wconf 78' lang='lat' dir='ltr'>condito.</span> <span class='ocrx_word' id='word_1_810' title='bbox 385 5408 486 5466; x_wconf 81' lang='lat' dir='ltr'>Oratio.</span> <span class='ocrx_word' id='word_1_811' title='bbox 513 5409 613 5468; x_wconf 80' lang='lat' dir='ltr'>Fidelis</span> <span class='ocrx_word' id='word_1_812' title='bbox 636 5409 751 5466; x_wconf 84' lang='lat' dir='ltr'>lisuriue</span> <span class='ocrx_word' id='word_1_813' title='bbox 770 5411 796 5466; x_wconf 89' lang='lat' dir='ltr'>irs</span> <span class='ocrx_word' id='word_1_814' title='bbox 824 5409 913 5468; x_wconf 81' lang='lat' dir='ltr'>serbis</span> <span class='ocrx_word' id='word_1_815' title='bbox 967 5415 1013 5473; x_wconf 88' lang='lat' dir='ltr'>bui</span> <span class='ocrx_word' id='word_1_816' title='bbox 1035 5423 1191 5488; x_wconf 89' lang='lat' dir='ltr'>suggerunt.</span> <span class='ocrx_word' id='word_1_817' title='bbox 1218 5413 1296 5470; x_wconf 85' lang='lat' dir='ltr'>Omni</span> <span class='ocrx_word' id='word_1_818' title='bbox 1323 5411 1412 5484; x_wconf 89' lang='lat' dir='ltr'>gladio</span> <span class='ocrx_word' id='word_1_819' title='bbox 1433 5409 1543 5479; x_wconf 85' lang='lat' dir='ltr'>ancipiti</span> <span class='ocrx_word' id='word_1_820' title='bbox 1568 5404 1757 5478; x_wconf 85' lang='lat' dir='ltr'>penetrabilior</span> 
     </span>
     <span class='ocr_line' id='line_1_57' title="bbox 160 5523 1757 5600; baseline -0.006 -15"><span class='ocrx_word' id='word_1_821' title='bbox 160 5530 324 5585; x_wconf 73' lang='lat' dir='ltr'>tinearum.</span> <span class='ocrx_word' id='word_1_822' title='bbox 338 5526 413 5582; x_wconf 84' lang='lat' dir='ltr'>Tulle</span> <span class='ocrx_word' id='word_1_823' title='bbox 430 5525 495 5582; x_wconf 93' lang='lat' dir='ltr'>iilud</span> <span class='ocrx_word' id='word_1_824' title='bbox 509 5526 546 5580; x_wconf 90' lang='lat' dir='ltr'>in.</span> <span class='ocrx_word' id='word_1_825' title='bbox 964 5529 1175 5600; x_wconf 79' lang='lat' dir='ltr'>magistratuum,</span> <span class='ocrx_word' id='word_1_826' title='bbox 1192 5541 1253 5582; x_wconf 87' lang='lat' dir='ltr'>curn</span> <span class='ocrx_word' id='word_1_827' title='bbox 1275 5525 1389 5582; x_wconf 87' lang='lat' dir='ltr'>celebris</span> <span class='ocrx_word' id='word_1_828' title='bbox 1413 5524 1500 5594; x_wconf 81' lang='lat' dir='ltr'>eliqua</span> <span class='ocrx_word' id='word_1_829' title='bbox 1519 5535 1598 5575; x_wconf 79' lang='lat' dir='ltr'>carisa</span> <span class='ocrx_word' id='word_1_830' title='bbox 1621 5523 1757 5590; x_wconf 78' lang='lat' dir='ltr'>attigeris,</span> 
     </span>
     <span class='ocr_line' id='line_1_58' title="bbox 157 5589 1756 5668; baseline -0.005 -16"><span class='ocrx_word' id='word_1_831' title='bbox 157 5599 173 5642; x_wconf 69' lang='lat' dir='ltr'>i</span> <span class='ocrx_word' id='word_1_832' title='bbox 187 5599 236 5668; x_wconf 84' lang='lat' dir='ltr'>Qui</span> <span class='ocrx_word' id='word_1_833' title='bbox 249 5601 280 5654; x_wconf 79' lang='lat' dir='ltr'>ri.</span> <span class='ocrx_word' id='word_1_834' title='bbox 293 5598 361 5668; x_wconf 73' lang='lat' dir='ltr'>lege</span> <span class='ocrx_word' id='word_1_835' title='bbox 370 5597 414 5668; x_wconf 78' lang='lat' dir='ltr'>eni</span> <span class='ocrx_word' id='word_1_836' title='bbox 427 5598 485 5652; x_wconf 83' lang='lat' dir='ltr'>etsi.</span> <span class='ocrx_word' id='word_1_837' title='bbox 964 5599 989 5656; x_wconf 92' lang='lat' dir='ltr'>id</span> <span class='ocrx_word' id='word_1_838' title='bbox 1004 5609 1055 5664; x_wconf 77' lang='lat' dir='ltr'>est,</span> <span class='ocrx_word' id='word_1_839' title='bbox 1070 5616 1084 5654; x_wconf 90' lang='lat' dir='ltr'>a</span> <span class='ocrx_word' id='word_1_840' title='bbox 1099 5597 1241 5654; x_wconf 62' lang='lat' dir='ltr'>causidicis</span> <span class='ocrx_word' id='word_1_841' title='bbox 1255 5601 1356 5668; x_wconf 87' lang='lat' dir='ltr'>agitur,</span> <span class='ocrx_word' id='word_1_842' title='bbox 1380 5609 1433 5666; x_wconf 84' lang='lat' dir='ltr'>qus</span> <span class='ocrx_word' id='word_1_843' title='bbox 1455 5591 1667 5664; x_wconf 82' lang='lat' dir='ltr'>signiilcatinnc.</span> <span class='ocrx_word' id='word_1_844' title='bbox 1693 5589 1756 5646; x_wconf 89' lang='lat' dir='ltr'>alibi</span> 
     </span>
     <span class='ocr_line' id='line_1_59' title="bbox 160 5660 1756 5739; baseline -0.013 0"><span class='ocrx_word' id='word_1_845' title='bbox 160 5683 172 5712; x_wconf 72' lang='lat'><strong>⁶</strong></span> <span class='ocrx_word' id='word_1_846' title='bbox 190 5671 322 5739; x_wconf 59' lang='lat' dir='ltr'>Eillim·</span> <span class='ocrx_word' id='word_1_847' title='bbox 336 5669 406 5737; x_wconf 83' lang='lat' dir='ltr'>Lege</span> <span class='ocrx_word' id='word_1_848' title='bbox 419 5675 524 5736; x_wconf 84' lang='lat' dir='ltr'>spectet.</span> <span class='ocrx_word' id='word_1_849' title='bbox 965 5669 991 5725; x_wconf 90' lang='lat' dir='ltr'>in</span> <span class='ocrx_word' id='word_1_850' title='bbox 1006 5669 1104 5726; x_wconf 88' lang='lat' dir='ltr'>llissaii</span> <span class='ocrx_word' id='word_1_851' title='bbox 1118 5679 1219 5732; x_wconf 89' lang='lat' dir='ltr'>nostro,</span> <span class='ocrx_word' id='word_1_852' title='bbox 1236 5677 1263 5724; x_wconf 89' lang='lat' dir='ltr'>ct</span> <span class='ocrx_word' id='word_1_853' title='bbox 1282 5667 1390 5725; x_wconf 80' lang='lat' dir='ltr'>inserti</span> <span class='ocrx_word' id='word_1_854' title='bbox 1410 5673 1437 5724; x_wconf 91' lang='lat' dir='ltr'>et</span> <span class='ocrx_word' id='word_1_855' title='bbox 1450 5663 1555 5736; x_wconf 89' lang='lat' dir='ltr'>septimi</span> <span class='ocrx_word' id='word_1_856' title='bbox 1579 5661 1668 5718; x_wconf 74' lang='lat' dir='ltr'>seculi</span> <span class='ocrx_word' id='word_1_857' title='bbox 1691 5660 1756 5718; x_wconf 81' lang='lat' dir='ltr'>suri·</span> 
     </span>
    </p>
   </div>
   <div class='ocr_carea' id='block_1_3' title="bbox 106 5735 1266 5883">
    <p class='ocr_par' dir='ltr' id='par_1_3' title="bbox 106 5735 1266 5883">
     <span class='ocr_line' id='line_1_60' title="bbox 158 5735 1266 5814; baseline -0.008 -19"><span class='ocrx_word' id='word_1_858' title='bbox 158 5741 267 5812; x_wconf 72' lang='lat' dir='ltr'>linga.</span> <span class='ocrx_word' id='word_1_859' title='bbox 282 5739 352 5794; x_wconf 88' lang='lat' dir='ltr'>ldcm</span> <span class='ocrx_word' id='word_1_860' title='bbox 370 5737 413 5793; x_wconf 90' lang='lat' dir='ltr'>iric</span> <span class='ocrx_word' id='word_1_861' title='bbox 428 5737 560 5808; x_wconf 83' lang='lat' dir='ltr'>signibcat</span> <span class='ocrx_word' id='word_1_862' title='bbox 574 5745 632 5808; x_wconf 81' lang='lat' dir='ltr'>tago</span> <span class='ocrx_word' id='word_1_863' title='bbox 645 5743 725 5806; x_wconf 83' lang='lat' dir='ltr'>atone</span> <span class='ocrx_word' id='word_1_864' title='bbox 743 5735 840 5801; x_wconf 81' lang='lat' dir='ltr'>concie,</span> <span class='ocrx_word' id='word_1_865' title='bbox 857 5735 912 5791; x_wconf 87' lang='lat' dir='ltr'>sci·</span> <span class='ocrx_word' id='word_1_866' title='bbox 966 5741 1096 5814; x_wconf 57' lang='lat' dir='ltr'>peoribus,</span> <span class='ocrx_word' id='word_1_867' title='bbox 1113 5739 1266 5801; x_wconf 67' lang='lat' dir='ltr'>adhibetur,</span> 
     </span>
     <span class='ocr_line' id='line_1_61' title="bbox 106 5805 912 5883; baseline -0.01 -11"><span class='ocrx_word' id='word_1_868' title='bbox 106 5809 110 5818; x_wconf 84' lang='lat'>&#39;</span> <span class='ocrx_word' id='word_1_869' title='bbox 126 5813 187 5872; x_wconf 88' lang='lat' dir='ltr'>licet</span> <span class='ocrx_word' id='word_1_870' title='bbox 200 5811 325 5882; x_wconf 79' lang='lat' dir='ltr'>irenaeus</span> <span class='ocrx_word' id='word_1_871' title='bbox 341 5823 487 5869; x_wconf 80' lang='lat' dir='ltr'>consursas</span> <span class='ocrx_word' id='word_1_872' title='bbox 500 5808 601 5883; x_wconf 78' lang='lat' dir='ltr'>populi,</span> <span class='ocrx_word' id='word_1_873' title='bbox 616 5809 702 5880; x_wconf 85' lang='lat' dir='ltr'>qualis</span> <span class='ocrx_word' id='word_1_874' title='bbox 719 5805 752 5862; x_wconf 85' lang='lat' dir='ltr'>sd</span> <span class='ocrx_word' id='word_1_875' title='bbox 768 5807 912 5866; x_wconf 87' lang='lat' dir='ltr'>tribunalia</span> 
     </span>
    </p>
   </div>
   <div class='ocr_carea' id='block_1_4' title="bbox 0 0 2006 6306">
    <p class='ocr_par' dir='ltr' id='par_1_4' title="bbox 0 0 2006 6306">
     <span class='ocr_line' id='line_1_62' title="bbox 0 0 2006 6306; baseline 0 0"><span class='ocrx_word' id='word_1_876' title='bbox 0 0 2006 6306; x_wconf 95' lang='lat' dir='ltr'> </span> 
     </span>
    </p>
   </div>
  </div>
 </body>
</html>
