3990 6302
269 359 317 414 tii
636 351 783 412 tttssstr
802 351 938 410 ititirini
957 352 1034 412 SEC.
1056 354 1135 414 REG.
1158 353 1189 412 tt.
1208 351 1345 412 tsinottt.
1366 383 1399 394 -
1420 353 1507 410 PARS
1528 353 1548 409 i.
1852 357 1895 411 titt

272 478 382 526 renatus
396 461 473 521 ittet-ii
488 479 520 520 cr
536 479 602 535 entra
616 473 644 520 et
654 465 755 532 Spiritu
768 463 866 522 Soneio
881 480 889 518 a
906 477 958 521 non
971 469 1059 534 potest
1072 469 1097 528 Α
1110 471 1169 520 torn
1181 463 1410 534 sipttaterpueicm.
1427 463 1477 520 Per
1491 463 1571 534 itttjos
1586 465 1659 520 enirn
1673 463 1738 520 ittet
1755 465 1896 525 inrioiairit

271 560 382 616 introire
395 558 423 614 in
438 573 547 628 regnunt
565 556 622 611 iiei.
644 555 721 623 Quod
744 563 836 610 notum
851 563 892 610 est
905 569 940 609 ex
955 568 1057 609 earne:
1111 557 1266 628 mysterium
1286 567 1294 607 ε
1314 556 1499 612 custodiantur
1523 558 1581 626 spei
1608 565 1706 612 nostre
1733 557 1892 617 irrtrnutatttu

270 667 334 708 raro
354 663 394 706 est
407 669 414 706 ε
428 659 456 706 et
482 648 554 720 qnod
579 659 669 702 natum
695 657 737 702 est
759 661 793 703 cx
815 645 910 716 rptrrtn
926 663 933 701 :
949 646 1058 714 spiritns
1111 659 1322 706 sacromentum.
1337 651 1374 703 Er
1390 649 1440 703 itoe
1455 663 1482 704 te
1496 663 1642 718 onsmtos
1660 661 1671 702 r
1691 657 1722 703 ut
1736 663 1797 703 cunr
1812 651 1898 708 nostris

268 750 319 798 esi.
346 737 404 795 Non
428 737 534 794 irriserit
557 738 617 806 qnia
640 736 696 792 dixi
713 736 903 804 tibizopnrret
921 735 1057 791 rosnaaci
1110 743 1154 814 qui
1177 742 1234 813 jam
1256 757 1272 796 a
1294 741 1387 798 seculo
1408 747 1619 812 precesserunt:
1638 741 1689 810 qni
1716 741 1799 796 etiem
1822 743 1897 812 ipsine

269 833 367 885 denuo.
385 828 502 900 Spiritus
525 828 568 882 niti
589 827 645 882 ruit
660 826 764 898 spirat:
779 834 808 882 et
827 841 919 880 rocem
934 826 992 896 rjus
1008 841 1056 880 att·
1109 835 1224 904 Spiritus
1246 834 1283 888 tui
1305 834 1397 889 Sancti
1424 832 1495 886 dotto
1520 833 1603 886 renati
1629 841 1696 886 sttnt
1715 845 1725 889 r
1744 847 1899 902 qoornntrpte

268 923 311 978 dir
324 939 331 976 :
346 921 393 977 sed
414 935 504 976 nescts
529 921 599 974 unde
625 919 715 974 teniat
728 937 735 972 ι
749 927 777 974 et
797 933 850 988 qno
865 917 954 975 radat.
973 918 1017 973 sie
1031 928 1059 975 et
1110 934 1173 978 ome
1186 923 1271 979 attare
1286 933 1360 978 tunm
1374 923 1538 977 mentionem
1553 936 1614 976 cunt
1632 931 1757 977 tremore
1778 921 1897 980 incitam:

267 1021 356 1086 ornnis
378 1019 423 1088 nui
446 1027 525 1072 uatus
539 1025 581 1072 est
594 1030 626 1071 ex
639 1015 747 1084 spirito.
764 1012 912 1083 Respondit
925 1011 1058 1068 iiieitode·
1109 1011 1190 1068 simui
1204 1012 1310 1068 oittiarn
1324 1015 1349 1068 in
1360 1011 1471 1067 recondi
1483 1013 1614 1068 adtentus
1628 1013 1743 1068 domini
1759 1015 1841 1068 nostri
1855 1015 1899 1071 eir·

270 1123 329 1162 utus
342 1126 349 1162 z
363 1117 391 1161 et
404 1106 470 1162 ertit
491 1107 527 1162 ei.
553 1107 693 1172 Quomodo
720 1113 809 1173 potest
833 1105 884 1158 itoc
909 1101 989 1157 terri
1006 1102 1058 1158 ite·
1109 1109 1190 1161 ritate
1205 1105 1318 1161 ieliciter
1331 1119 1515 1161 occurratnus.

267 1201 374 1266 spondit
402 1199 480 1254 iesus
494 1215 501 1250 :
515 1209 542 1252 et
565 1195 632 1251 tiisit
650 1197 687 1252 ei.
708 1195 748 1250 Tu
772 1209 801 1250 es
825 1195 951 1264 magister
971 1193 998 1249 in
1019 1195 1057 1250 ls·
1151 1195 1191 1265 ἡ.
1207 1197 1304 1251 Anten.

267 1292 322 1345 rtet
342 1298 370 1345 ei
392 1291 441 1346 trec
465 1289 593 1359 ignorari
621 1290 705 1342 iintrn
726 1301 804 1340 amen
827 1285 888 1340 dico
911 1285 958 1340 triti
973 1300 980 1338 ε
995 1287 1057 1356 qnia
1144 1287 1187 1341 Ad
1200 1302 1301 1358 parem.
1315 1285 1608 1342 dratinoiicrentiom
1632 1295 1733 1342 eterne
1756 1287 1828 1343 Dens
1848 1305 1899 1346 sus-

267 1383 337 1450 rnttrd
363 1381 463 1436 stirnut
479 1399 485 1434 :
503 1379 636 1448 loquimur
652 1396 659 1432 ε
675 1388 702 1432 et
726 1377 796 1448 qnod
821 1379 956 1434 vidimus:
973 1385 1057 1432 testa·
1108 1375 1196 1445 ceptis
1218 1376 1400 1432 otiationtitus
1417 1387 1425 1427 ι
1444 1373 1522 1432 eiiice
1536 1391 1587 1430 nos
1612 1377 1715 1446 spiritu
1732 1379 1865 1434 terrentes
1877 1390 1899 1436 ei

269 1480 394 1527 rnnr:ei
416 1471 598 1525 testimoninm
624 1477 747 1524 nostrum
779 1485 831 1524 non
866 1469 998 1538 accipitis.
1028 1467 1057 1524 st
1108 1467 1240 1522 enaritate
1262 1467 1421 1536 locupletes.
1446 1469 1505 1535 Quo
1533 1467 1662 1522 unitatem
1691 1469 1807 1536 spiritus
1828 1471 1898 1544 258

268 1577 376 1621 terreno
407 1565 461 1619 diti
492 1564 567 1618 robis
590 1573 619 1619 et
641 1579 694 1620 nott
721 1565 855 1622 creditis:
875 1565 1009 1634 nrtornodo
1034 1563 1058 1619 si
1108 1568 1249 1615 terrentes
1264 1555 1290 1613 iu
1304 1560 1413 1614 tincuio
1428 1559 1502 1626 pacis
1521 1571 1530 1610 a
1550 1559 1625 1612 iiiios
1640 1560 1718 1613 dotto
1729 1561 1786 1628 jnnt
1800 1562 1899 1628 itttpiet·

267 1655 362 1708 rtirero
381 1651 458 1706 roitis
476 1653 584 1707 colestia
604 1665 613 1706 r
632 1653 768 1709 crederit?
788 1655 822 1710 Et
839 1669 918 1711 nemo
936 1655 1059 1710 aseendit
1109 1663 1170 1704 ntur
1195 1649 1222 1704 in
1248 1649 1328 1705 terris
1346 1661 1354 1704 ι
1374 1649 1451 1721 cujus
1481 1651 1642 1704 infusionem
1668 1651 1807 1708 advenire
1830 1657 1897 1709 uotis

267 1746 294 1800 in
316 1745 403 1800 retunt
419 1753 427 1794 τ
447 1743 498 1800 nisi
512 1745 557 1814 unt
571 1745 712 1802 descendit
726 1746 760 1803 de
773 1749 831 1804 ocio
848 1763 856 1804 ι
877 1747 946 1804 diins
968 1747 1056 1803 tomi·
1108 1751 1281 1812 expectamus
1295 1745 1320 1798 in
1334 1743 1409 1798 reiis.
1431 1741 1469 1805 ri.
1482 1745 1578 1798 auten.

267 1842 310 1893 nis
333 1839 378 1906 qut
401 1847 443 1894 est
465 1840 491 1893 in
510 1837 580 1894 ceto.
597 1838 631 1894 Et
643 1840 714 1894 sicui
732 1840 837 1912 iittyses
856 1840 986 1896 exaltarit
998 1853 1056 1896 rer·
1072 1827 1095 1890 B
1144 1831 1254 1889 inlatio.
1278 1833 1392 1905 Dignum
1412 1844 1440 1888 ct
1459 1831 1562 1904 josiam
1577 1843 1619 1889 esi
1636 1848 1645 1886 a
1664 1843 1698 1888 nt
1723 1842 1752 1889 ie
1779 1833 1858 1888 Deum
1874 1845 1897 1890 ei

267 1938 374 1997 pentem
392 1928 418 1984 in
432 1928 539 1985 deserto
552 1947 558 1983 :
573 1930 609 1985 iia
622 1930 734 1986 exaltari
749 1941 857 1999 oporiet
873 1929 955 1985 iiiintn
970 1929 1058 1986 itorni·
1109 1927 1217 1983 cciestia
1233 1935 1260 1980 ei
1274 1935 1378 1982 terrena
1402 1925 1575 1981 conlaudent.
1591 1925 1640 1994 Qui
1664 1941 1721 1982 noe
1741 1927 1838 1996 spiritu
1860 1939 1898 1982 tuo

264 2024 329 2077 nis:
350 2029 377 2075 ιιι
399 2020 487 2076 omnis
501 2019 547 2091 qni
560 2021 645 2076 credit
667 2021 693 2076 in
713 2023 772 2090 ipso
792 2037 845 2078 non
870 2031 962 2092 percat
980 2035 988 2072 ε
1008 2021 1056 2078 scd
1109 2016 1191 2071 doces
1216 2025 1321 2070 terrena
1349 2031 1495 2086 respuere:
1511 2017 1620 2072 colestia
1645 2015 1751 2072 sectari
1775 2031 1895 2071 :rarttenr

265 2115 361 2169 itniteat
376 2113 456 2168 ritem
471 2125 600 2168 eternam.
620 2113 656 2181 ti.
672 2113 768 2169 Arnen.
1109 2122 1237 2164 coercere
1259 2109 1370 2178 jejuniis
1385 2111 1543 2164 tttsoientem
1563 2119 1571 2158 t
1590 2108 1672 2164 corda
1688 2123 1808 2178 purgare
1822 2108 1897 2161 conti-

298 2207 375 2262 Dt'cut
399 2205 541 2262 Presdiier.
565 2207 692 2262 Dominus
716 2207 752 2262 sit
777 2221 883 2278 tettipet·
908 2207 1056 2262 nobiscum.
1109 2217 1160 2256 ntia
1178 2201 1377 2258 inntentaiiotte.
1395 2203 1549 2259 Nonaiiolii
1564 2206 1589 2258 in
1604 2205 1772 2275 prosperis:
1793 2201 1896 2256 nutrie-

271 2299 309 2366 ἡ.
324 2301 435 2352 ittcnm.
1105 2293 1152 2366 jiti
1176 2297 1203 2351 in
1227 2295 1357 2352 adversis.
1374 2294 1501 2352 tentans
1515 2309 1625 2366 sperare
1640 2297 1806 2366 promissum
1825 2306 1832 2346 :
1850 2295 1896 2361 spi·

302 2388 430 2443 ⁸Londrr.
447 2388 571 2458 Alleluia.
596 2388 763 2458 piendam
774 2389 916 2445 Dominum
927 2390 961 2446 de
975 2392 1055 2449 celis:
1109 2397 1177 2445 rrtns
1203 2392 1343 2460 prenotari
1365 2387 1496 2446 solacium
1514 2401 1524 2442 ι
1543 2389 1667 2444 Parnriiti
1692 2389 1832 2444 sustinone
1855 2385 1896 2437 ad·

263 2481 370 2538 inutittte
382 2495 442 2536 cnm
459 2483 485 2536 in
500 2481 623 2536 excelsis.
642 2479 675 2534 P.
692 2481 818 2552 Alleluia.
1109 2493 1230 2538 rerttunt.
1256 2482 1294 2536 Er
1319 2483 1369 2537 itoe
1395 2481 1506 2537 itountte
1521 2491 1627 2550 tuorum
1641 2483 1837 2552 premissorum
1853 2492 1894 2530 tos

301 2571 476 2632 Sorritt'ct'ttnr.
502 2571 599 2626 'ittliite
625 2571 736 2626 itosiias.
765 2573 847 2639 Quare
870 2574 897 2628 in
923 2573 1055 2631 dominico
1108 2573 1211 2644 gaudiis
1235 2583 1408 2642 preparantes
1432 2587 1556 2644 rogamus
1575 2587 1583 2626 ι
1604 2582 1632 2626 ut
1646 2571 1798 2627 descendat
1822 2581 1895 2636 snper

267 2672 324 2735 port
338 2659 517 2718 ascensionem
533 2662 637 2718 Domini
648 2664 694 2734 [ti.
706 2663 770 2719 ads.
1108 2679 1158 2720 nos
1180 2667 1265 2734 gratio
1280 2676 1323 2736 ine
1338 2668 1423 2720 rirtns
1438 2674 1466 2719 et
1481 2665 1634 2720 benedictio
1659 2663 1753 2719 sartori
1778 2659 1893 2731 spurtus.

302 2753 394 2810 iiisrn.
415 2754 528 2824 Semper
544 2755 652 2825 quidem
668 2755 835 2812 diiectissimi
852 2756 949 2814 iratres
962 2764 1056 2816 crebre
1108 2755 1167 2822 Quo
1181 2755 1299 2810 ittam-att
1315 2766 1396 2826 nique
1416 2756 1536 2811 mundati
1550 2771 1611 2810 eom
1627 2766 1716 2810 tecum
1731 2763 1759 2808 et
1773 2767 1832 2806 euru
1848 2747 1893 2801 Pt-

264 2846 403 2902 orntioncs
421 2859 483 2900 esso
503 2845 603 2902 deitent
618 2847 801 2903 unanimitatis
818 2861 827 2900 ι
846 2849 986 2904 charitatis
1002 2863 1010 2904 ι
1029 2861 1057 2906 et
1109 2855 1149 2902 tre
1169 2847 1258 2916 equari
1283 2846 1383 2902 deitate
1408 2857 1563 2918 regnantem
1591 2847 1735 2901 tondemus
1753 2861 1761 2899 ι
1782 2839 1892 2912 tungrii-

267 2941 379 3012 simpier
395 2939 516 2997 fraterne
539 2940 691 2996 directionis
712 2940 828 2996 affectio.
843 2941 895 2998 Sed
909 2957 979 2998 nunc
994 2959 1055 3014 pre·
1108 2955 1226 2996 cemus:
1247 2949 1327 3012 atque
1341 2941 1377 2995 ita
1401 2940 1533 2996 dicantus.
1557 2940 1595 3009 ti.
1620 2939 1750 2994 Sanctus.
1776 2937 1890 2992 stactus.

265 3033 344 3102 cipue
361 3033 450 3087 omnis
463 3031 497 3086 de
512 3035 611 3087 uostris
635 3031 817 3087 exinanienda
839 3033 991 3101 pectoribus
1015 3043 1057 3090 eat
1108 3031 1233 3090 Sanctus.

264 3123 387 3180 odiorum
403 3123 553 3180 artrariiudo
568 3140 628 3180 curn
644 3126 733 3180 Sancti
757 3124 875 3196 Spiritus
899 3135 1056 3198 expectator
1145 3121 1209 3178 Post
1232 3125 1353 3180 sanctur.
1374 3123 1445 3180 iore
1467 3123 1583 3179 Sanetus
1610 3137 1671 3176 vere
1700 3119 1891 3175 itt-nedictnses

264 3212 365 3270 infusio
382 3225 391 3270 ι
411 3225 438 3272 et
461 3215 617 3272 advenienti
642 3215 756 3270 Dourino
779 3217 867 3272 uirens
884 3227 926 3272 est
938 3216 1054 3288 paranda
1070 3181 1093 3244 C
1109 3215 1222 3272 Domine
1234 3217 1297 3274 iesu
1313 3217 1430 3273 citrino.
1455 3217 1505 3285 Qui
1527 3219 1653 3270 tiaturout
1678 3225 1704 3269 ie
1731 3216 1806 3268 unitis
1826 3214 1890 3266 itinn

263 3305 409 3376 possessio.
425 3305 458 3360 Et
473 3307 536 3377 qnia
549 3316 638 3376 patres
650 3306 831 3376 doctoresque
845 3309 930 3364 nostri
947 3311 973 3365 itt
988 3324 1056 3380 quo·
1108 3305 1238 3377 Spiritum
1267 3307 1414 3379 promisisti
1443 3309 1469 3362 iu
1496 3322 1606 3362 munere
1624 3321 1633 3362 r
1653 3321 1736 3376 quere
1765 3304 1811 3360 tiiti
1836 3315 1889 3356 eunt

264 3413 325 3454 rum
350 3399 431 3453 cordo
446 3401 487 3452 rei
501 3402 603 3454 viscera
619 3401 789 3471 otnipotens
805 3400 876 3456 Deus
889 3401 941 3457 itoc
954 3399 1055 3457 dorum
1108 3398 1188 3455 Patre
1212 3401 1337 3455 notintns
1362 3399 1517 3471 coequalem
1537 3400 1664 3455 existere.
1680 3397 1733 3454 Per
1748 3407 1774 3452 tc
1789 3393 1890 3450 Dotttirto

265 3487 398 3558 proruisse
420 3491 645 3544 remunerationis
669 3489 787 3546 iniudit:
808 3499 837 3546 ut
851 3492 1056 3549 reminiscamur
1107 3507 1138 3548 ac
1154 3493 1308 3563 redemptor
1323 3502 1426 3547 ciente.

264 3578 335 3634 dictu
352 3593 478 3650 magnum
496 3591 503 3631 ι
523 3580 699 3636 unanimitate
714 3580 832 3636 connexi
851 3595 858 3634 :
878 3579 1056 3654 divinantes·
1144 3583 1207 3638 Pori
1218 3583 1312 3655 pridie.
1325 3582 1426 3638 Oratio.
1447 3583 1563 3654 Spiritus
1577 3579 1676 3638 Sancte
1690 3579 1737 3650 qni
1753 3595 1766 3631 a
1785 3577 1857 3632 i'atre
1868 3580 1889 3625 ei

264 3681 374 3740 pectere
389 3671 479 3727 Sancti
493 3670 610 3740 Spiritus
627 3672 806 3728 visitationem
824 3683 834 3726 a
852 3674 897 3744 qui
909 3674 963 3729 lieo
976 3671 1056 3730 obitt-
1106 3673 1176 3730 Fiiio
1202 3674 1344 3744 procedis:
1360 3675 1402 3730 itis
1417 3673 1555 3746 propicius
1583 3671 1701 3728 iniaitere
1721 3663 1886 3726 itoiocaustis·

265 3765 353 3820 lerant
369 3763 539 3820 charitatem.
1107 3762 1166 3830 Quo
1184 3765 1231 3833 oui
1246 3779 1260 3818 a
1277 3763 1357 3819 Patre
1379 3779 1409 3819 cs
1433 3763 1613 3834 repromissus
1631 3775 1639 3814 :
1659 3757 1888 3815 sanctificationem

307 3857 344 3917 ii·
361 3858 457 3913 Amen.
1109 3853 1261 3910 ‘itutnnuis
1283 3854 1413 3910 exhibeas
1429 3863 1597 3924 presentatus
1615 3867 1622 3904 ε
1643 3856 1800 3924 repleasque
1813 3862 1886 3918 spon·

299 3946 359 4000 Aiio
377 3945 477 4000 titurio.
503 3945 588 4014 itupie
602 3961 650 4002 nos
666 3947 736 4004 Deus
758 3949 859 4017 Spiritu
881 3952 1006 4009 Sancto:
1027 3955 1053 4012 in
1106 3949 1191 4004 sionis
1216 3947 1369 4006 mercede:
1389 3965 1456 4022 qnos
1479 3960 1506 4006 ie
1525 3949 1686 4021 promissum
1712 3945 1822 4018 inspicis
1844 3955 1886 3996 ot·

261 4053 315 4109 qno
338 4037 433 4110 siponti
455 4051 573 4092 sttrnus:
593 4047 622 4093 et
644 4053 659 4091 a
679 4037 903 4112 tttroirattpimnr
926 4055 954 4099 ot
968 4051 1054 4102 saire-
1106 4049 1222 4111 pectore.

266 4147 334 4186 ntur.
351 4131 388 4188 Ui
402 4128 482 4184 hodie
503 4144 553 4184 nos
569 4129 639 4185 idem
654 4129 769 4198 Spiritus
783 4148 940 4200 prerenteus
958 4135 985 4192 in
1005 4139 1055 4194 mi·
1147 4131 1295 4200 dimon.

262 4225 429 4280 serationea
448 4221 553 4278 delitiis
580 4222 707 4277 emundet
723 4234 731 4274 ι
750 4233 777 4280 et
803 4241 864 4282 ento
885 4227 911 4280 in
936 4230 1055 4284 muneris
1140 4223 1181 4276 Ad
1200 4222 1347 4279 (irationem
1360 4223 1532 4280 Donirrr'com.

263 4315 417 4371 eoniattotte
432 4315 574 4383 pioriiiret.
592 4314 703 4371 trottae
724 4321 844 4374 macutus
857 4319 949 4374 uhioni
966 4333 974 4372 :
993 4334 1054 4376 cras
1143 4313 1296 4370 Descendai
1315 4315 1428 4373 Domine
1446 4317 1480 4372 ad
1498 4331 1547 4372 nos
1559 4315 1674 4383 spiritus
1687 4315 1801 4371 Saucia!
1819 4323 1826 4362 ²
1844 4317 1884 4378 W

263 4407 333 4462 dona
358 4405 510 4461 distribuat.
535 4403 622 4460 lindio
650 4407 766 4476 tittpuant
791 4415 912 4464 nostram
937 4410 964 4464 in
988 4425 1054 4467 rece
1106 4421 1188 4476 quern
1205 4414 1234 4462 ct
1248 4407 1375 4463 mundata
1391 4419 1498 4480 pectora
1514 4418 1606 4465 nostra
1621 4425 1681 4465 cnut
1695 4424 1728 4463 eo
1741 4409 1797 4476 ipse
1810 4401 1882 4474 possi·

265 4499 278 4537 «Ι
297 4499 475 4555 confessionis
495 4501 600 4570 aperiat
617 4515 624 4553 :
644 4510 672 4556 et
693 4515 755 4556 cras
769 4502 882 4558 catniem
897 4499 979 4558 iaciat
992 4519 1055 4574 prc-
1067 4537 1095 4598 Β
1107 4497 1173 4555 deas
1191 4511 1199 4550 a
1218 4507 1247 4554 ot
1258 4500 1406 4556 ittstiiontm
1419 4515 1435 4556 a
1449 4510 1475 4556 te
1489 4501 1639 4556 orationem
1652 4499 1792 4570 suscipias.
1810 4495 1840 4552 Ut
1853 4491 1882 4545 ita

260 4589 959 4663 dicaremagnttratunouojunttottietteripeuut
972 4596 1050 4650 raetia
1106 4605 1160 4647 non
1180 4607 1227 4663 per
1247 4608 1297 4648 nos
1316 4609 1325 4648 r
1343 4593 1391 4648 sed
1413 4607 1461 4663 per
1475 4591 1549 4647 iilum
1568 4601 1658 4646 nostra
1674 4590 1791 4660 accipias
1804 4593 1881 4654 posin·
1922 4654 1924 4660 Ι

266 4683 302 4734 itu
317 4696 443 4748 ernamur
459 4693 473 4732 a
486 4681 600 4738 erimine
617 4690 627 4730 ι
646 4692 676 4737 ot
687 4697 748 4738 cros
762 4685 903 4756 dignanter
913 4684 941 4741 in
956 4687 1053 4742 uostris
1106 4681 1160 4738 iata
1178 4695 1188 4735 r
1207 4685 1277 4740 sicut
1293 4699 1340 4753 per
1354 4685 1428 4740 iilnm
1443 4700 1496 4740 nott
1512 4697 1559 4753 per
1573 4697 1623 4741 nos
1638 4697 1727 4738 nostra
1741 4681 1812 4736 detes
1826 4673 1881 4729 irci-

262 4771 354 4842 juitettt
368 4771 495 4826 cordtinta
509 4771 642 4829 habitare.
1106 4789 1184 4829 nora.
1201 4775 1260 4843 Quo
1270 4788 1303 4828 eo
1315 4774 1360 4843 qui
1376 4781 1463 4830 iecurtt
1477 4785 1505 4831 et
1517 4790 1577 4830 com
1593 4773 1672 4828 Patro
1684 4783 1778 4844 regnat
1790 4765 1879 4838 eutitii!

306 4861 344 4929 ti.
360 4863 454 4916 Atttett.
1106 4864 1293 4933 irnerpeiianio
1308 4879 1357 4934 pro
1373 4867 1450 4921 nobis
1467 4879 1475 4921 :
1496 4881 1543 4936 per
1556 4880 1619 4922 euru
1641 4864 1674 4920 ad
1696 4872 1721 4920 ie
1743 4865 1879 4934 proeitme·

298 4949 361 5002 Post
386 4949 503 5004 notrrinrr.
530 4949 632 5008 drniio.
664 4953 763 5012 Emitte
791 4955 903 5012 nornine
929 4959 1051 5026 spiritum
1106 4963 1298 5018 museterris.
1313 4961 1394 5019 Pater
1408 4973 1508 5020 noster.

237 5040 413 5130 'adoptionis
430 5057 439 5098 r
459 5043 486 5098 in
506 5061 559 5115 nco
572 5045 723 5102 clamemus
740 5047 788 5102 tibi
805 5062 813 5101 ι
833 5048 1052 5105 remittendi
1141 5052 1217 5106 iiiior
1232 5052 1323 5108 Preti.
1347 5054 1490 5112 iiumiiinte
1501 5051 1751 5110 tostetteotcttonr.
1764 5046 1877 5107 ponitus

261 5139 465 5193 conliteamur:
485 5138 609 5208 qoortiam
636 5148 664 5194 tir
687 5152 718 5194 es
749 5139 878 5210 unigeniti
907 5141 944 5194 tui
972 5156 1051 5197 reros
1103 5142 1421 5211 siisempertrobiscotn.
1444 5147 1611 5217 ti.Etcum.

262 5228 343 5284 Pater
360 5243 368 5284 ι
387 5238 416 5284 et
436 5244 629 5300 cognoscamus
648 5234 711 5301 qnia
729 5232 818 5290 nudus
832 5237 857 5290 ei
871 5234 967 5290 simiiis
983 5236 1052 5290 inter
1138 5235 1300 5297 Benedictio.
1325 5241 1501 5312 Expectanies
1524 5257 1554 5298 se
1567 5261 1573 5296 :
1585 5243 1699 5313 Spiritus
1726 5240 1819 5298 eiiciat
1832 5234 1877 5288 im·

263 5321 518 5391 itineraretur
544 5337 597 5376 non
621 5323 668 5378 tibi
694 5324 832 5395 adoptio:
851 5325 899 5382 sod
914 5328 1050 5396 generatio
1105 5329 1278 5386 maculatosn
1294 5332 1429 5386 sordidos.
1452 5332 1490 5400 ri.
1507 5333 1602 5388 Amen.
1626 5334 1739 5404 iicpieat
1762 5335 1876 5386 munere:

261 5413 500 5471 cottsulrstautiniis
516 5427 525 5466 r
544 5428 632 5482 neone
654 5415 740 5486 pratia
766 5416 880 5472 simiiem
900 5432 908 5472 ε
927 5418 974 5472 sed
1003 5431 1048 5470 na·
1103 5433 1170 5490 quos
1182 5436 1212 5476 so
1226 5421 1335 5491 inspicit
1348 5422 1492 5479 sustinere.
1518 5423 1556 5493 ri.
1570 5425 1667 5482 Amen.
1690 5425 1795 5482 Utrum
1808 5426 1877 5476 rena

294 5543 307 5572 ⁸
323 5532 423 5590 Lentim
437 5533 482 5591 Pa.
497 5547 605 5598 caerati.
623 5533 648 5588 i.
1104 5531 1205 5604 (Teon.
1221 5535 1251 5589 de
1264 5533 1405 5605 Bapiirmo.
1420 5553 1478 5603 cup.
1493 5535 1540 5608 5).

294 5604 307 5644 i
322 5605 473 5677 inopinae.
490 5605 559 5675 Lego
572 5621 587 5658 r
601 5620 650 5671 otto
664 5602 795 5676 tirrpintur.
1141 5601 1154 5641 ‘¹
1170 5601 1351 5674 Conirrrt'onir.
1367 5606 1467 5662 ttiittdit
1478 5607 1510 5662 ad
1523 5608 1583 5666 idei
1595 5605 1798 5668 confessionem.
1811 5612 1876 5676 quant

296 5685 307 5712 ι
325 5674 443 5731 Maeuiae
457 5674 554 5729 aitiori.
575 5675 675 5730 aiiutitr
688 5676 723 5728 ad
741 5673 872 5742 baptisma
892 5672 961 5742 qnod
980 5671 1049 5728 Sah-
1104 5673 1255 5743 baptizandi
1271 5675 1355 5743 putatu
1371 5674 1512 5736 iaciebant.

259 5743 329 5810 baio,
342 5744 513 5802 Pentecosics
537 5745 748 5814 coniereitaior,
770 5757 845 5800 ruore
869 5741 1050 5800 uetustissimo
1141 5743 1306 5799 ‘iinnrnnin
1323 5743 1344 5798 F
1345 5754 1411 5814 orte,
1428 5747 1635 5804 humanissimae.
