3908 6312
255 385 324 444 troi
671 385 772 444 reret
790 383 974 441 sonutam
987 385 1061 440 orr.
1083 372 1171 442 iens
1189 385 1233 443 tr.
1247 415 1282 429 -
1297 384 1462 442 cassina.

344 500 464 572 Etjopes
478 501 581 570 gratias
598 501 631 558 tle
643 501 723 559 donis
735 504 831 573 gratiae
1051 507 1077 566 Δ
1177 499 1232 556 Neo
1246 500 1394 558 ineffabiles
1407 506 1556 556 cessaount
1569 497 1660 568 jubili,

341 570 427 628 Beata
436 569 534 626 referet
548 571 623 643 plebs
643 571 702 641 tibi,
716 571 830 629 bomine
845 573 883 644 (l)
1177 571 1254 639 Quos
1266 571 1474 628 decantabimus
1485 581 1515 626 et
1524 584 1574 624 nos
1588 578 1615 624 ct
1635 569 1731 640 angeli.

343 681 399 740 llltc
411 699 444 739 ex
456 685 570 741 sabbato
585 686 714 742 succedet
728 687 884 752 sabbatum,
1177 683 1310 742 Perirenni
1325 683 1459 742 Domino..

344 755 443 825 Perpes
454 757 556 812 leticia
568 757 810 824 sabbatizantium,

938 893 1187 918 m

682 1093 1017 1210 LlBELLUS
1060 1088 1453 1208 SECUNDUS.

887 1479 1224 1574 PllAEFllTlO.

661 1679 713 1740 on
751 1679 932 1740 serrone
973 1673 1261 1738 ennennnnrrs
1298 1671 1466 1734 orontes.

291 2038 469 2112 'l'ripartitnrn
497 2049 539 2092 est
562 2037 646 2092 divini
662 2037 752 2094 cultos
774 2037 903 2094 elicium.
932 2038 1029 2094 Ductor
1051 2037 1173 2111 gentium
1192 2037 1220 2094 in
1238 2037 1357 2109 Epistola
1381 2038 1416 2092 ud
1444 2036 1569 2108 Ephesios
1594 2037 1733 2092 ordinarii
1751 2038 1865 2094 decern.

259 2155 269 2190 r
290 2134 323 2192 Et
335 2135 420 2191 nolite
444 2133 573 2189 inebriari
589 2134 655 2189 vino
671 2133 699 2188 in
714 2149 769 2205 ooo
783 2143 825 2191 cst
847 2128 966 2203 lusoria,
981 2135 1028 2190 secl
1044 2135 1195 2206 implemini
1219 2135 1323 2207 Spiritu
1340 2135 1484 2204 loquentes
1500 2133 1704 2204 nobismetipsis
1719 2135 1744 2188 in
1756 2137 1867 2204 psalnris

255 2242 284 2290 et
297 2231 386 2305 ymnis
401 2239 428 2286 et
440 2229 554 2285 conticis
566 2229 766 2300 spiritualibus,
779 2238 922 2286 cantantes
937 2238 965 2284 et
975 2229 1124 2300 psallentes
1138 2231 1166 2284 in
1181 2230 1314 2286 cordibus
1328 2227 1428 2284 restris
1442 2226 1559 2284 Domino
1574 2228 1626 2300 ((ὶ).
1647 2249 1657 2281 r
1675 2227 1707 2283 Et
1725 2246 1818 2286 rnrsrrs
1831 2233 1866 2284 ad

256 2329 407 2384 Goioscnses
426 2325 514 2398 inquit
530 2341 538 2380 s
564 2344 574 2378 r
592 2323 711 2380 Verbum
728 2325 830 2382 Christi
845 2325 949 2382 habitet
963 2325 991 2381 in
1006 2325 1085 2381 robis
1098 2326 1288 2382 habundanter
1301 2324 1327 2380 in
1341 2325 1415 2380 omni
1431 2324 1577 2396 sapientia,
1600 2325 1725 2380 docentes
1743 2335 1769 2380 et
1782 2341 1859 2380 eom-

255 2433 397 2482 moucntcs
410 2423 590 2494 vosmetipsos
606 2420 635 2478 in
651 2422 774 2492 psalmis,
791 2421 914 2495 ymniset
926 2419 1041 2478 earrticis
1054 2421 1254 2492 spiritualibus.
1269 2419 1295 2475 in
1314 2420 1400 2490 gratia
1420 2428 1563 2478 cantames
1586 2420 1615 2475 in
1632 2422 1746 2478 cordibus
1760 2423 1854 2478 restris

254 2519 464 2592 nominent..

290 2615 390 2672 Psalmi
415 2630 480 2670 rcro
494 2622 521 2669 et
545 2612 651 2671 cantica
666 2613 795 2684 ursoniam
810 2627 843 2667 ex
868 2613 1009 2670 cassanicis
1035 2613 1186 2684 antiquitus
1212 2621 1363 2685 praeparata
1381 2619 1445 2668 suni
1460 2612 1622 2685 seripturis,
1640 2631 1689 2672 nec
1711 2625 1798 2673 nuato
1810 2635 1858 2672 noc

255 2713 372 2783 alicujus
386 2719 467 2782 egent
480 2709 570 2766 studio
588 2716 618 2764 nt
637 2708 719 2764 modo
733 2718 942 2778 componantur.

293 2804 331 2860 lle
343 2806 433 2877 ymnis
454 2818 518 2859 vero
532 2819 593 2858 cum
621 2802 690 2858 nilril
705 2802 732 2858 in
750 2801 932 2872 superpositis
949 2802 1108 2858 distinctum
1123 2803 1256 2858 habeatur
1282 2802 1435 2872 scripturis,
1454 2804 1581 2874 quamvis
1600 2814 1628 2860 et
1640 2807 1760 2860 nonnulli
1773 2809 1864 2878 psalnn

256 2921 355 2960 nomen
375 2919 521 2976 ymnorum
543 2903 599 2958 sire
612 2901 783 2958 eaodcuram
804 2913 961 2960 sanctorum
979 2903 1141 2974 inscriptura
1156 2901 1244 2960 titolis
1259 2901 1388 2967 halicarn,
1404 2902 1506 2974 passim
1523 2919 1538 2958 a
1554 2903 1680 2972 pluribus
1696 2914 1788 2974 postea
1803 2907 1865 2960 scri-

255 3013 333 3072 ptum
352 3008 406 3066 est,
425 3010 453 3056 et
466 3013 514 3072 pro
530 3007 682 3068 temporum
699 3007 747 3052 ant
760 2998 888 3056 horarum
900 3013 949 3054 seu
973 2998 1153 3056 festivitatum
1175 2999 1308 3054 varietate
1328 2998 1484 3071 quibusque
1497 3000 1602 3073 proprii
1617 3001 1710 3073 hymni
1726 3011 1791 3056 snm
1806 3018 1866 3056 orn·
1928 2989 1929 3010 ¹

255 3100 353 3164 stituti,
365 3107 392 3152 et
415 3097 466 3152 itus
484 3112 556 3151 nnnc
571 3095 681 3167 proprie
697 3095 813 3166 lrynmos
831 3096 1012 3167 appellamus,
1029 3097 1156 3168 quamvis
1178 3096 1331 3166 artthuitus
1342 3094 1529 3153 indifferenter
1542 3097 1666 3152 tronnulli
1694 3106 1751 3152 tam
1775 3115 1864 3169 ymnos

254 3211 337 3266 ouum
349 3193 470 3264 psalmos
483 3191 604 3247 dicerent
618 3191 747 3262 quelibet
763 3190 862 3248 dirinae
876 3192 964 3248 laudis
977 3193 1083 3248 cantica
1100 3194 1202 3248 rithmo
1216 3193 1258 3247 rel
1273 3201 1360 3250 metro
1376 3193 1539 3263 composita.
1558 3191 1637 3250 Unde
1661 3193 1797 3251 Eusebius
1814 3197 1865 3250 lia·-

254 3291 384 3347 soriensis
397 3286 593 3344 Ecclesiastico·
608 3283 740 3342 ilistoriu
762 3284 824 3342 libri
845 3287 958 3342 secnodi
982 3287 1021 3359 (l)
1050 3288 1170 3358 capitolo
1187 3303 1241 3342 xru
1258 3289 1297 3358 (5)
1320 3287 1509 3344 dissertissimi
1526 3287 1613 3346 ludaei
1639 3287 1766 3347 Philonis
1779 3293 1864 3348 halles

253 3401 316 3455 erga
334 3383 542 3439 Alexandrinam
560 3381 611 3436 sub
635 3379 728 3435 llarco
743 3379 891 3438 Ecclesiam
905 3397 1124 3438 commemorans
1146 3383 1216 3439 inter
1237 3393 1328 3440 cetera
1350 3383 1450 3454 adjecit
1471 3383 1522 3454 (6).
1544 3383 1639 3442 «Post
1652 3401 1743 3457 pauca
1762 3403 1862 3443 rursum

252 3481 334 3535 etiam
349 3478 383 3534 de
401 3492 434 3534 eo
445 3478 517 3548 qrtod
533 3478 653 3548 psalmos
668 3477 769 3533 iaciant
784 3493 881 3546 noros,
897 3479 934 3534 ita
947 3479 1059 3550 scripsit
1075 3498 1081 3536 ι
1099 3498 1109 3532 s
1128 3479 1220 3551 ltaque
1243 3496 1298 3536 non
1317 3481 1405 3536 solutu
1425 3480 1567 3536 subtilium
1594 3480 1753 3551 intelligunt
1778 3501 1864 3555 ymnos

255 3593 266 3628 s
288 3586 423 3640 veterum,
439 3572 486 3628 sed
501 3574 553 3645 ipsi
567 3571 671 3629 iaciunt
686 3590 772 3630 noros
786 3575 813 3630 in
838 3575 935 3644 ileum,
948 3577 1077 3634 omnibus
1093 3593 1140 3634 eos
1155 3587 1182 3633 et
1197 3578 1292 3634 metris
1306 3587 1332 3634 et
1347 3577 1423 3634 sonis
1436 3579 1550 3634 honesta
1561 3581 1629 3636 satis
1642 3587 1670 3635 et
1695 3581 1775 3636 suari
1795 3597 1863 3636 cum·

254 3688 265 3723 t
288 3686 356 3742 page
371 3669 552 3726 modulantes.
569 3689 578 3721 r
598 3667 674 3724 Harrd
696 3668 821 3726 fortassis
836 3671 1018 3743 incongruum
1040 3682 1083 3730 est
1103 3689 1199 3730 ottrtres
1224 3678 1347 3744 psalmos
1363 3671 1495 3730 llebraice
1509 3687 1598 3730 nretro
1611 3676 1654 3733 sel
1675 3677 1780 3732 rithmo
1798 3693 1861 3732 oour·

251 3769 357 3838 positos
383 3776 411 3822 et
429 3767 525 3823 melica
541 3767 685 3824 dulcedine
710 3770 837 3826 conditos
853 3770 984 3840 appellari
1012 3772 1094 3828 otiam
1110 3788 1217 3845 ymnos,
1231 3773 1309 3844 juxta
1327 3773 1414 3842 ipsam
1433 3773 1558 3828 videlicet
1570 3789 1716 3846 ymnorum
1733 3775 1854 3832 diffinitio

253 3880 315 3919 nem
329 3878 412 3933 (poam
425 3865 453 3917 in
470 3863 656 3934 praephatione
672 3864 758 3934 prima
773 3867 928 3934 posuimus.
940 3866 976 3922 tt
991 3884 1053 3924 cum
1068 3869 1125 3940 jam
1139 3869 1236 3940 psalmi
1256 3885 1290 3926 ex
1305 3868 1419 3928 llebraeo
1431 3870 1459 3925 in
1475 3871 1557 3936 sliam
1576 3871 1698 3942 linguam
1715 3871 1851 3928 inomaus

251 3961 346 4016 rithmi
364 3961 406 4016 rel
419 3960 497 4016 metri
511 3959 569 4029 lege
586 3960 666 4016 soloti
679 3962 744 4028 sint,
756 3963 826 4018 bene
842 3965 876 4020 ad
890 3963 1021 4036 Ephesios
1032 3968 1079 4040 qni
1100 3966 1186 4024 Graeci
1201 3979 1265 4024 sont
1279 3969 1427 4039 Apostolus
1441 3969 1565 4027 scribens
1574 3967 1721 4040 separatim
1734 3984 1751 4024 a
1763 3967 1860 4039 psalmis

252 4059 370 4132 hymnos
386 4057 511 4115 distinxit
526 4059 633 4114 sicutet
647 4059 765 4118 cantica.

285 4155 379 4214 [lehis
390 4154 482 4226 ltaque
495 4154 624 4226 quorriam
638 4166 764 4212 nostrum
784 4173 854 4228 saepe
871 4158 1049 4232 ingeniolum,
1062 4162 1246 4220 dilectissime
1256 4162 1358 4219 Christi
1375 4163 1447 4232 illice,
1458 4161 1553 4218 multis
1564 4161 1693 4234 precibus
1702 4161 1858 4232 pulsavistis.

250 4249 383 4307 addentes
398 4249 512 4322 insuper
525 4251 627 4322 quibus
642 4253 676 4308 de
695 4255 788 4311 causis
803 4255 831 4312 id
851 4259 1037 4316 necessarium
1051 4261 1129 4318 robis
1150 4262 1287 4329 rideatur,
1307 4271 1403 4320 restrae
1413 4262 1470 4334 jam
1481 4262 1622 4334 peticioni,
1638 4271 1722 4334 prout
1738 4259 1858 4316 Dominus

249 4349 388 4415 annuerit,
400 4355 522 4436 exparte
535 4349 689 4418 paruimus.
703 4349 845 4422 Superiori
859 4369 978 4426 namque
988 4356 1080 4413 libello
1091 4359 1256 4415 cottidianos
1278 4357 1408 4415 feriarum
1423 4373 1520 4431 ymnos
1544 4359 1591 4429 qni
1605 4357 1656 4414 toti
1672 4357 1795 4415 subicere
1806 4371 1858 4426 poe

249 4444 307 4500 sint
320 4444 479 4501 ebdomadae
494 4446 764 4517 comprehendimus.
790 4448 867 4515 Quos
882 4451 919 4505 ita
942 4453 1109 4522 compositos
1124 4469 1187 4511 esse
1201 4453 1374 4525 eogrroscatis
1390 4463 1420 4509 ut
1443 4453 1590 4524 bipartitus
1603 4453 1640 4509 sit
1663 4467 1758 4508 eorum
1771 4461 1857 4506 cantus
1928 4443 1929 4448 ’

249 4541 321 4596 sieut
332 4550 358 4596 et
372 4543 499 4611 rithmus,
514 4553 541 4600 et
553 4544 588 4600 sit
597 4561 650 4600 una
665 4545 793 4602 omnibns
805 4547 946 4606 nocturnis
957 4548 1075 4606 melodia
1085 4551 1244 4607 communis
1256 4559 1337 4621 atque
1347 4551 1432 4605 altera
1444 4548 1560 4616 diurnis,
1570 4550 1642 4606 sieut
1655 4547 1694 4620 (7)
1703 4559 1731 4605 et
1742 4550 1855 4605 rithmus.
1928 4547 1929 4566 l

249 4629 369 4688 Ymnom
394 4637 476 4691 etiam
496 4640 645 4710 gratiarnm
667 4651 729 4712 post
746 4641 840 4712 epulas
868 4644 1063 4701 exsolvendum
1078 4661 1135 4702 non
1147 4645 1382 4718 pretermisimus,
1393 4631 1559 4701 'emendum
1574 4645 1647 4716 qnod
1672 4645 1700 4699 in
1716 4641 1853 4714 Evangelio

249 4729 457 4799 scriptumest:
474 4752 484 4786 r
500 4733 589 4792 imno
603 4737 676 4793 dicto
689 4737 817 4794 exierunt
833 4738 883 4810 (8).
902 4760 911 4793 r

284 4819 396 4880 Ceterm
415 4841 480 4882 rere
495 4835 683 4905 suprapositos
699 4835 816 4908 hymnos
828 4837 879 4892 bac
896 4837 1119 4895 consideratione
1132 4837 1298 4910 digessimus
1309 4847 1340 4894 nt
1354 4839 1401 4910 qni
1423 4837 1553 4892 nocturni
1566 4846 1632 4894 sont
1647 4853 1762 4894 suarum
1782 4851 1857 4906 opera

250 4917 383 4976 feriarum
395 4924 564 5002 coritineapt,
576 4929 668 4986 diurni
682 4939 775 4988 autem
791 4936 915 5004 ipsorum
931 4950 1044 5006 operum
1060 4934 1233 4992 allecoricam
1249 4951 1298 4992 sou
1322 4935 1453 4990 moralem
1467 4934 1667 5006 expositionem
1688 4933 1802 4988 halant.
1814 4930 1858 4984 lt·

247 5033 302 5090 que
316 5018 353 5074 ita
367 5018 469 5076 lactum
485 5031 527 5078 est
541 5033 568 5078 ut
584 5025 737 5084 obscuritas
751 5029 873 5086 historia·¹
889 5030 1033 5096 coctiles
1054 5046 1119 5087 reru
1134 5031 1315 5100 expositionis
1329 5039 1484 5086 reservetur
1495 5027 1558 5086 diei.
1572 5028 1705 5100 Superest
1728 5027 1858 5082 deectero
1928 5039 1929 5042 ’

245 5114 347 5174 vestris
358 5131 402 5173 me
413 5116 583 5175 orationibus
597 5120 719 5191 adjurari
735 5133 765 5180 nt
777 5134 900 5198 optatum
914 5126 993 5182 robis
1005 5127 1197 5182 ntunusculum
1216 5127 1413 5183 transmittam.

283 5363 322 5446 (Ι)
338 5363 408 5446 Geel.
434 5365 517 5420 habet
534 5362 665 5429 Domine,-
681 5365 715 5422 cl.
732 5383 759 5422 r.
781 5369 895 5440 Coosin,
908 5369 986 5441 qnasi
1003 5368 1038 5427 de
1122 5370 1161 5440 (ii)
1181 5369 1231 5425 llic
1250 5370 1378 5442 apposuit
1390 5370 1425 5425 cl.
1449 5387 1476 5426 r.
1492 5369 1595 5426 Cousln
1621 5385 1740 5440 sconem
1752 5377 1858 5424 annota-

247 5448 299 5490 sno
310 5435 336 5489 rd
351 5435 506 5504 adiecisset,
518 5435 601 5492 edidit
613 5433 737 5508 [domine
746 5437 769 5510 i]
1086 5449 1144 5495 turn
1157 5455 1165 5494 ε
1181 5439 1280 5495 Desunt
1299 5441 1327 5494 in
1340 5440 1429 5495 codice
1440 5440 1518 5496 uerba
1531 5439 1649 5496 Eusehii.
1663 5441 1742 5496 anla
1756 5441 1856 5496 desunt

282 5503 322 5574 (ἢ)
343 5503 441 5590 dphos.
456 5502 490 5568 V,
506 5505 550 5572 l8,
567 5507 611 5563 lli.
1088 5509 1173 5566 Verba
1191 5527 1198 5560 ε
1219 5509 1345 5566 Post.....
1366 5512 1473 5581 scripsit
1487 5519 1552 5566 sont
1570 5509 1691 5566 Eusebii.
1713 5509 1805 5582 ltaque
1807 5547 1855 5562 .....

284 5575 323 5644 (ὅ)
343 5574 448 5632 boloss.
462 5573 506 5640 lll,
519 5577 562 5632 lb.
1085 5579 1251 5636 condolentes
1268 5590 1332 5636 sont
1350 5579 1483 5637 Philonis.
1506 5579 1604 5638 Omnia
1631 5592 1759 5640 accurate
1773 5579 1856 5636 citarit

295 5645 322 5710 ll
346 5641 444 5700 Omisit
459 5647 566 5702 secundi
577 5649 612 5705 cl.
631 5665 658 5707 r.
671 5647 784 5708 Cousin.
1083 5649 1286 5706 obclamasse
1304 5652 1428 5708 versione
1440 5649 1540 5706 llulini.

271 5785 276 5796 Ι
296 5714 325 5781 5)
344 5713 389 5770 Sic
400 5715 468 5773 coe.
487 5724 515 5772 el
535 5720 643 5789 quidem
660 5733 744 5781 recte.
760 5721 801 5780 Gt.
816 5739 843 5780 v.
859 5722 962 5786 (Iouam
976 5723 1033 5780 edi·
1119 5720 1158 5790 (i)
1174 5720 1241 5776 Cerd.
1257 5723 1307 5786 sic,
1322 5722 1425 5778 omisso
1437 5722 1650 5777 abbreviationis
1664 5723 1754 5794 signo.

249 5785 289 5842 drt
302 5799 357 5861 srs.
1132 5791 1160 5864 8)
1176 5790 1275 5848 llattb.
1288 5808 1364 5860 xxrr,
1378 5791 1431 5860 ttu;
1448 5790 1531 5850 liare.
1547 5809 1602 5860 xiv,
1613 5793 1658 5850 26.
