3908 6312
92 410 150 469 969

242 520 296 576 Ριο
308 521 386 578 nobis
399 519 481 590 liirgo
495 519 630 591 virginum

110 605 113 611 ’
210 603 297 666 Tuum
313 611 428 680 deposce
440 609 550 674 titium,

207 701 261 756 Per
274 716 356 771 quarn
369 709 461 756 nostra
476 685 637 770 susceperat⁴

208 790 243 844 Et
263 805 312 845 sua
327 789 404 844 nolis
417 789 579 858 praebuerat.

243 879 314 936 Laus
327 880 387 948 tihi,
400 879 457 934 lica
472 879 615 946 altissime,
631 890 688 935 etc.

225 985 252 1025 ιιι
272 986 376 1026 ocrnvn
397 985 507 1027 sunere
528 986 619 1025 sanis
641 985 770 1026 rrncrnrs.

131 1060 296 1134 Antiplronn
322 1065 356 1119 ad
378 1061 544 1134 llogniticnt.
565 1063 621 1120 Sub
643 1071 718 1120 tuum
736 1061 888 1133 praesidium

95 1157 288 1228 contingimus,
301 1152 348 1208 Dei
359 1151 502 1218 (lenitris;
524 1160 647 1208 nostram
669 1153 889 1223 deprecationem

90 1263 126 1304 ne
141 1244 287 1316 despicias
298 1242 325 1297 in
342 1242 560 1304 necessitatibus,
572 1241 619 1296 sed
634 1256 649 1295 a
663 1239 791 1310 periculis
803 1239 889 1296 libera

89 1352 142 1394 nos
155 1349 281 1406 semper,
297 1331 378 1403 Virgo
390 1331 516 1402 gloriosa.
534 1329 635 1385 llltiruo
650 1331 794 1402 antiplona
811 1330 889 1399 primi
937 1383 942 1388 ,

91 1429 243 1483 Nocturni.
265 1425 295 1480 ln
314 1422 390 1494 prole
408 1430 505 1488 macer,
522 1425 550 1476 in
565 1432 643 1492 partu
659 1422 746 1494 virgo,
762 1420 850 1491 gaude
862 1429 889 1474 et

91 1520 193 1578 laetare
209 1517 307 1590 llirgo,
323 1522 412 1569 mater
424 1512 531 1568 Domini
641 1577 644 1582 ¹

293 1619 320 1660 ιιι
338 1617 437 1680 ιιιτιιι
455 1617 549 1656 sincrr
567 1615 691 1656 unnrrnt.

335 1694 376 1747 Ad
394 1709 512 1762 vesperos
528 1693 650 1763 nqmrruc.

240 1786 297 1842 ilex
310 1783 428 1848 Cirriste,
444 1780 551 1838 llartiui
566 1783 648 1837 decus
710 1857 712 1862 ,

203 1877 256 1934 llic
269 1877 327 1930 laus
341 1884 400 1940 tua,
419 1881 447 1927 tu
460 1873 545 1938 iilius,

205 1969 248 2026 'l'u
261 1982 311 2023 nos
323 1967 349 2020 in
363 1966 413 2042 lroc
429 1975 455 2020 te
470 1963 561 2020 colere

207 2059 321 2128 Quando
337 2057 426 2128 ipsum
438 2057 466 2112 in
481 2064 508 2112 te
523 2053 621 2134 triltue.

241 2149 293 2218 eri
306 2149 355 2204 das
370 2163 419 2218 per
431 2147 506 2210 orbis
518 2148 644 2218 cardines

205 2241 282 2309 Qriod
298 2253 403 2310 gemma
418 2236 502 2310 lulget
512 2235 670 2310 praesulum,

210 2334 260 2399 aa,
276 2349 344 2405 quos
355 2343 482 2404 premunt
494 2330 579 2400 culpce
596 2341 704 2399 gratos,

210 2421 304 2478 Scluat
315 2437 363 2492 per
375 2421 470 2492 ingens
482 2421 617 2474 meritum.

258 2512 298 2568 En
313 2527 415 2582 pauper
425 2511 470 2566 iric
480 2519 507 2566 et
521 2507 643 2564 modicus

203 2603 299 2660 Polum
315 2603 391 2658 dices
405 2600 568 2672 ingreditur.

205 2695 273 2752 Coeli
288 2694 416 2750 cohortes
429 2691 554 2758 obviant,

204 2785 325 2856 Linguae,
343 2783 440 2847 tribus,
454 2789 547 2852 gentes
562 2788 654 2835 orant.

247 2873 283 2930 lit
296 2873 349 2927 rita
365 2871 450 2942 fulget
462 2869 593 2926 transitus

202 2962 272 3020 Coeli
287 2969 316 3017 et
327 2974 393 3014 arro
409 2957 579 3028 splendidus,

202 3049 330 3108 Gaudere
344 3047 449 3103 cunctis
464 3045 536 3117 pium
550 3053 603 3110 cst,

203 3139 318 3196 Cunctis
330 3136 403 3192 salus
416 3135 452 3190 sit
461 3135 519 3189 haec
532 3134 600 3188 dies.

240 3229 356 3284 llartine
366 3240 416 3296 par
430 3222 568 3295 apostolis,

203 3319 315 3376 Festum
332 3315 453 3372 colentes
466 3321 493 3368 tu
509 3313 579 3376 iore,

207 3410 260 3475 Qui
276 3409 369 3462 rivere
381 3403 520 3475 discipulis
534 3390 589 3468 vis,

202 3501 239 3556 Et
253 3499 321 3553 mori
336 3510 390 3552 riou
407 3493 524 3564 respuis.

239 3593 296 3647 Fac
310 3605 391 3656 nunc,
406 3591 478 3661 quod
491 3589 555 3644 oiim
570 3601 703 3662 gesseras,

202 3682 281 3739 Nunc
292 3681 422 3752 praesules
435 3679 565 3744 clariilca,
582 3732 585 3742 ,

203 3777 281 3843 linge
295 3773 377 3828 decos
392 3769 520 3826 Ecclesiae

205 3863 327 3919 Fraudes
342 3862 425 3916 relide
438 3860 556 3916 Satance.

240 3953 290 4020 Qui
308 3963 349 4008 ιιι
362 3952 445 4008 chaos
459 3950 605 4014 evisceras,

137 4035 141 4050 '
206 4041 310 4099 liersos
323 4054 399 4098 reato
413 4041 525 4107 suscita,

205 4129 342 4187 diviseras
357 4141 388 4186 ut
400 4131 574 4195 chlamidem,

203 4221 260 4277 llos
275 4223 355 4277 indue
368 4220 516 4291 justitiam.

241 4311 277 4367 Ut
292 4311 415 4382 specialis
429 4309 522 4380 gloriae

203 4403 345 4470 Quondam
360 4401 511 4458 recorderis
523 4409 584 4463 tuae,

205 4491 356 4547 llonastico
368 4505 440 4564 rrunc
452 4488 549 4560 ordini,

202 4579 263 4636 lacn
277 4587 345 4649 pene
356 4579 431 4650 lapso
446 4580 568 4636 srrbvcni.

241 4669 283 4725 Sit
296 4669 421 4724 Trinitati
436 4668 534 4739 gloria,

207 4758 340 4815 liertimrs
352 4765 382 4813 ut
392 4759 534 4815 contessus
543 4767 602 4826 est3

199 4849 286 4919 Cujus
301 4851 380 4906 iidem
394 4865 443 4921 per
454 4865 550 4920 opera,

201 4939 232 4994 ln
245 4954 294 4995 nos
309 4948 336 4994 et
350 4940 408 5010 ipse
422 4941 539 4995 roltoret.
558 4939 655 4994 Arnen.

296 5045 323 5085 m
350 5047 528 5086 urnrcrrronc
547 5045 693 5086 recussum.

327 5121 368 5177 Ad
393 5139 509 5194 serperet
527 5123 650 5194 tyronus.

148 5211 273 5278 Cirriste,
293 5221 451 5270 structorum
463 5213 616 5270 dominator
630 5213 709 5279 alate,

147 5302 243 5358 Patris
257 5303 350 5358 aeterni
365 5305 473 5375 genitos
485 5305 519 5360 ait
532 5318 580 5360 ore
678 5307 682 5314 '

149 5391 310 5464 Supplicem
323 5403 394 5461 rota,
411 5396 568 5465 pariterque
580 5395 713 5466 hymnum

359 5487 447 5543 Cerne
462 5487 604 5558 benignus.

186 5574 275 5633 Cerne
285 5578 357 5647 quod
368 5592 446 5648 puro,
462 5579 544 5643 Deus,
558 5578 586 5632 in
602 5576 707 5634 ironorc

152 5665 235 5723 Plebs
252 5676 296 5721 tua
310 5666 420 5739 supplex
434 5677 545 5724 resonat
556 5668 583 5722 in
594 5667 667 5726 aula.

82 5829 85 5836 γ
151 5757 248 5813 Annua
262 5755 338 5826 cujus
355 5759 469 5815 redeunt
480 5758 595 5816 colenda

218 5869 357 5932 rannac.
373 5865 451 5930 CLl.

517 406 689 464 cacturi.
711 406 758 462 tttt
776 406 876 464 Cotti).
898 405 1037 463 Lttdttd.
1057 404 1321 462 contristanti.

904 527 928 584 Α

1206 521 1338 591 Tempore
1352 520 1431 577 festa.

1033 611 1097 668 llaec
1109 612 1204 668 domus
1218 613 1270 669 rite
1286 611 1335 668 tibi
1348 613 1469 670 dedicata

994 701 1130 769 Nascitur,
1145 703 1172 758 iu
1184 717 1238 773 qua
1250 703 1366 776 populus
1376 715 1516 762 sacratum

930 843 934 848 .
994 791 1098 864 Corpus
1110 793 1236 859 assumit,
1249 794 1329 861 bibit,
1343 804 1371 850 et
1385 796 1459 852 beati

1153 881 1299 954 Sanguinis
1321 883 1460 941 haustum.

1029 971 1098 1026 ilinc
1109 973 1277 1028 sacrosancti
1290 973 1384 1029 latices
1398 982 1522 1031 veternas

993 1058 1216 1131 Diluunteuipas,
1231 1062 1418 1134 perimuntque
1437 1079 1537 1132 noras,

995 1150 1149 1210 chrismate
1160 1168 1224 1210 nero
1238 1169 1324 1226 genus
1337 1163 1367 1212 ιιι
1382 1166 1490 1214 creetur

1205 1246 1439 1304 Christicolarum.

1031 1335 1082 1392 llio
1095 1336 1169 1393 salus
1182 1338 1273 1410 agris,
1286 1339 1419 1396 medicina
1431 1339 1520 1407 fessis,

965 1493 968 1498 Ι
993 1422 1095 1480 Lumen
1108 1424 1222 1490 orbatis,
1234 1425 1368 1497 veniaque
1379 1429 1479 1484 nostris

990 1511 1089 1568 l’ertur
1100 1512 1220 1575 offensis,
1239 1499 1412 1585 tirnor'atque
1426 1528 1528 1571 nroeror

970 1599 973 1606 '
1204 1602 1317 1658 Pellitur
1331 1605 1431 1660 ornnis.

1029 1689 1166 1746 Daenronis
1178 1707 1248 1747 saera
1265 1694 1336 1763 perit
1348 1694 1393 1750 liic
1408 1679 1514 1767 rapina,

995 1779 1126 1836 l‘erricax
1142 1791 1291 1839 monstrum
1306 1794 1398 1854 paret,
1412 1794 1439 1841 et
1452 1795 1558 1844 retenta

995 1869 1115 1942 Corpora
1130 1870 1254 1940 linquens
1264 1872 1333 1943 sugit
1353 1873 1382 1926 in
1398 1883 1517 1930 remotas

1211 1961 1293 2017 Ocius
1308 1962 1430 2017 umbras.

1032 2047 1083 2104 llic
1094 2049 1170 2106 iocus
1182 2065 1277 2122 nempe
1289 2037 1423 2107 nocitatur

991 2133 1060 2190 Aula
1076 2135 1157 2208 Regis
1171 2139 1276 2200 aeterni.
1291 2138 1417 2210 niveique
1429 2141 1505 2207 coeli,

992 2223 1129 2297 l‘ortaque
1142 2227 1203 2282 virae
1215 2230 1330 2299 patriam
1345 2238 1469 2298 petentes

1184 2317 1291 2387 Accipit
1303 2333 1408 2374 ornnes.

1026 2401 1116 2470 'lurho
1127 2422 1207 2477 quam
1220 2408 1308 2464 nullos
1320 2408 1418 2479 quatit,
1430 2421 1478 2466 aut
1489 2421 1617 2481 vagantes

963 2505 967 2516 ·
1004 2495 1119 2550 lliruunt
1136 2497 1431 2569 renti,penetrantque
1443 2499 1537 2569 nimbi,

1000 2587 1059 2642 lion
1074 2587 1150 2642 tetris
1163 2586 1235 2641 laedit
1249 2588 1342 2656 piceus
1354 2588 1472 2646 tenebris

1186 2676 1450 2736 Tartarusliorrens.

1030 2768 1189 2836 eracsumus
1199 2783 1275 2839 ergo,
1290 2770 1373 2835 lieus,
1388 2779 1417 2828 ιιι
1431 2787 1530 2830 sereno

993 2857 1106 2914 Λιιιιιιιε
1120 2858 1194 2912 ιιιΙιιι
1210 2859 1326 2916 larnulos
1341 2862 1442 2930 videre,

994 2949 1044 3016 Qui
1061 2951 1097 3007 tui
1112 2965 1233 3008 summos
1248 2953 1386 3010 celebrant
1402 2971 1495 3013 amore

1212 3039 1315 3095 Gaudia
1334 3043 1437 3114 templi.

1032 3128 1110 3184 Nulla
1124 3143 1173 3186 nos
1186 3128 1248 3184 rita
1261 3132 1384 3186 cruciant
1396 3132 1520 3203 molesta,

992 3217 1195 3284 Sintdieslaeti,
1211 3218 1377 3290 placideque
1401 3231 1505 3288 noctes,

991 3301 1084 3361 Nullus
1097 3319 1132 3360 ex
1145 3305 1222 3362 nobis
1236 3317 1364 3376 pereunte
1377 3311 1477 3366 mundo

1113 3382 1115 3388 ’
1203 3397 1308 3454 Sentiat
1320 3399 1406 3472 ignes.

1028 3486 1078 3543 liic
1092 3487 1160 3554 dies,
1174 3501 1200 3542 ιιι
1211 3503 1265 3558 quo
1279 3488 1326 3544 tibi
1341 3501 1528 3550 consecratam

991 3575 1131 3647 Conspicis
1149 3593 1224 3632 aram
1239 3577 1339 3636 tribuat
1352 3595 1472 3652 perenne

990 3665 1124 3724 Garrdium
1135 3669 1221 3733 nobis,
1238 3671 1383 3743 vigeatque
1400 3673 1480 3744 longo

1158 3767 1160 3772 ·
1201 3755 1341 3829 Temporis
1356 3775 1417 3816 usu.

1022 3845 1141 3902 Gloriam
1154 3863 1259 3905 summo
1270 3865 1429 3908 resonemus
1444 3843 1518 3910 Patri

990 3923 1112 3990 Gloriam
1124 3935 1204 4005 Nato,
1219 3938 1376 4009 pariterque
1389 3949 1487 3997 sancto

992 4025 1104 4094 Spiritui
1120 4025 1192 4082 dulci
1207 4027 1376 4085 modulemur
1388 4029 1492 4102 hymno

1144 4116 1210 4171 Esse
1225 4131 1274 4188 per
1285 4132 1382 4174 aarum.
1419 4121 1516 4178 Amen.

909 4205 913 4213 ⁸
938 4228 972 4284 ln
992 4229 1065 4285 cclcc
1085 4221 1231 4302 supradicti
1246 4232 1367 4354 ὑιιιῖἰαιὶὶ
1390 4232 1486 4305 legitur
1508 4235 1619 4306 officium
1644 4239 1725 4299 lente

1309 4317 1383 4356 orcoe.

911 4411 915 4418 '
938 4398 1037 4468 increta
1064 4425 1190 4466 orrtcttitt
1214 4427 1308 4466 BEATAE
1338 4427 1428 4468 titium
1451 4427 1569 4470 VlllGllilS
1586 4427 1725 4475 SECUNDU!

900 4499 928 4559 Ι)
975 4495 1194 4538 consueruuttttttt
1220 4496 1398 4538 donecdone!
1426 4497 1587 4542 {adtendunt
1614 4500 1725 4546 SANCTAE

913 4571 916 4580 ’
973 4566 1068 4607 cndcts
1086 4561 1181 4606 sonnis
1202 4565 1358 4608 AVELLANAE·

974 4666 1017 4720 Ad
1037 4664 1208 4720 matutinam.
1230 4665 1355 4733 Domine,
1376 4665 1447 4720 labia
1461 4681 1522 4723 mea
1535 4667 1653 4740 aperies,
1670 4680 1724 4730 etc.

939 4773 1019 4829 noque
1029 4758 1063 4811 nd
1074 4757 1206 4812 lectiones.
1218 4757 1306 4812 Lectio
1315 4757 1411 4828 primo.
1422 4757 1523 4814 Sancta
1533 4758 1630 4828 llaria,
1644 4761 1726 4836 Virgo

939 4849 1082 4922 virginum,
1109 4857 1198 4903 mater
1219 4857 1246 4904 et
1266 4847 1321 4904 lilia
1348 4847 1430 4919 liegis
1458 4865 1569 4921 regum,
1601 4852 1724 4908 omnium

939 4951 1014 4997 tunm
1039 4939 1118 4996 nobis
1135 4939 1262 5009 impende
1283 4938 1430 5006 solatium,
1453 4949 1483 4996 ut
1504 4941 1626 4998 ccelesiis
1651 4943 1727 5013 regni

938 5045 1092 5088 mereamur
1102 5029 1204 5086 habere
1215 5027 1368 5100 praemium,
1379 5044 1441 5086 curn
1452 5029 1546 5087 electis
1555 5029 1601 5086 Dei
1613 5043 1727 5100 regnare

939 5125 1146 5195 inperpetuum.
1158 5119 1228 5190 ratic
1242 5121 1312 5191 apud
1325 5133 1384 5176 nos.
1393 5119 1481 5176 Lectio
1491 5117 1725 5177 reconcinsancte

939 5215 1036 5281 liaria,
1056 5213 1163 5285 piarum
1180 5211 1313 5283 piissima,
1334 5211 1473 5268 intercede
1492 5225 1541 5282 pro
1556 5210 1727 5288 nollinpan·

939 5315 1044 5362 clarum
1064 5303 1250 5369 sanctissima,
1268 5311 1299 5357 ιιι
1312 5317 1362 5374 per
1377 5310 1403 5358 tc
1416 5308 1508 5358 surnat
1521 5305 1614 5356 nostr'a
1628 5315 1726 5372 preca·

938 5393 1024 5460 mina,
1038 5391 1085 5464 qni
1103 5406 1154 5464 pro
1170 5391 1250 5447 uobis
1264 5399 1345 5448 uatus
1359 5397 1455 5461 regnat
1467 5401 1549 5458 super
1561 5390 1674 5454 reticem,
1695 5397 1726 5444 ut

939 5495 984 5542 tua
997 5485 1107 5556 pietate
1125 5481 1215 5538 deleat
1233 5491 1324 5538 nostra
1335 5479 1501 5551 peccamina.
1514 5477 1543 5548 ti.
1555 5475 1632 5534 Felix
1646 5493 1725 5533 nam·

938 5587 1002 5646 que,
1028 5583 1082 5628 etc.
1107 5569 1198 5626 Lectio
1214 5571 1303 5626 tertio.
1323 5567 1422 5625 Sancta
1442 5567 1490 5624 Dei
1509 5565 1645 5635 Genitrir,
1665 5581 1726 5637 qttce

938 5666 1018 5734 digne
1033 5659 1157 5718 meruisti
1177 5659 1320 5738 concipere
1340 5671 1421 5730 quem
1439 5666 1512 5715 torus
1533 5655 1608 5712 orbis
1630 5652 1726 5727 nequit

938 5751 1179 5824 conprehendere,
1192 5760 1346 5819 quesumus
1357 5755 1387 5802 ut
1401 5754 1447 5803 tuo
1463 5745 1617 5802 interventu
1631 5742 1725 5816 cuipas

1426 5858 1462 5919 31
